% xiaodong's ref.
%
%STAR W
@article{Adamczyk:2014xyw,
      author         = "Adamczyk, L. and others",
      title          = "{Measurement of longitudinal spin asymmetries for weak
                        boson production in polarized proton-proton collisions at
                        RHIC}",
      collaboration  = "STAR Collaboration",
      year           = "2014",
      eprint         = "1404.6880",
      archivePrefix  = "arXiv",
      primaryClass   = "nucl-ex",
      SLACcitation   = "%%CITATION = ARXIV:1404.6880;%%",
} 

@article{Ashman1988364,
title = "A measurement of the spin asymmetry and determination of the structure function g1 in deep inelastic muon-proton scattering ",
author = {Ashman, J. and others},
journal = "Physics Letters B ",
volume = "206",
number = "2",
pages = "364 - 370",
year = "1988",
note = "",
issn = "0370-2693",
doi = "http://dx.doi.org/10.1016/0370-2693(88)91523-7",
url = "http://www.sciencedirect.com/science/article/pii/0370269388915237",
}

@article{Jaffe1990509,
title = "The g1 problem: Deep inelastic electron scattering and the spin of the proton ",
journal = "Nuclear Physics B ",
volume = "337",
number = "3",
pages = "509 - 546",
year = "1990",
note = "",
issn = "0550-3213",
doi = "http://dx.doi.org/10.1016/0550-3213(90)90506-9",
url = "http://www.sciencedirect.com/science/article/pii/0550321390905069",
author = "R.L. Jaffe and Aneesh Manohar"
}

% BB2010
@article{Blumlein:2010rn,
      author         = "Blumlein, Johannes and Bottcher, Helmut",
      title          = "{QCD Analysis of Polarized Deep Inelastic Scattering
                        Data}",
      journal        = "Nucl.Phys.",
      volume         = "B841",
      pages          = "205-230",
      doi            = "10.1016/j.nuclphysb.2010.08.005",
      year           = "2010",
      eprint         = "1005.3113",
      archivePrefix  = "arXiv",
      primaryClass   = "hep-ph",
      reportNumber   = "DESY-09-131, SFB-CPP-10-032",
      SLACcitation   = "%%CITATION = ARXIV:1005.3113;%%",
}


%SMC 1998 flavor decomposition.
@article{Adeva:1997qz,
      author         = "Adeva, B. and others",
      title          = "{Polarized quark distributions in the nucleon from
                        semiinclusive spin asymmetries}",
      collaboration  = "Spin Muon Collaboration",
      journal        = "Phys.Lett.",
      volume         = "B420",
      pages          = "180-190",
      doi            = "10.1016/S0370-2693(97)01546-3",
      year           = "1998",
      eprint         = "hep-ex/9711008",
      archivePrefix  = "arXiv",
      primaryClass   = "hep-ex",
      reportNumber   = "CERN-PPE-97-147",
      SLACcitation   = "%%CITATION = HEP-EX/9711008;%%",
}

% HERMES flavor decomposition, 2004, PRD.

@article{Airapetian:2004zf,
      author         = "Airapetian, A. and others",
      title          = "{Quark helicity distributions in the nucleon for up,
                        down, and strange quarks from semi-inclusive
                        deep-inelastic scattering}",
      collaboration  = "HERMES Collaboration",
      journal        = "Phys.Rev.",
      volume         = "D71",
      pages          = "012003",
      doi            = "10.1103/PhysRevD.71.012003",
      year           = "2005",
      eprint         = "hep-ex/0407032",
      archivePrefix  = "arXiv",
      primaryClass   = "hep-ex",
      reportNumber   = "DESY-04-107",
      SLACcitation   = "%%CITATION = HEP-EX/0407032;%%",
}


%COMPASS 2010 PLB
@article{Alekseev:2010ub,
      author         = "Alekseev, M.G. and others",
      title          = "{Quark helicity distributions from longitudinal spin
                        asymmetries in muon-proton and muon-deuteron scattering}",
      collaboration  = "COMPASS Collaboration",
      journal        = "Phys.Lett.",
      volume         = "B693",
      pages          = "227-235",
      doi            = "10.1016/j.physletb.2010.08.034",
      year           = "2010",
      eprint         = "1007.4061",
      archivePrefix  = "arXiv",
      primaryClass   = "hep-ex",
      reportNumber   = "CERN-PH-EP-2010-023",
      SLACcitation   = "%%CITATION = ARXIV:1007.4061;%%",
}
%LSS2010
@article{Leader:2010rb,
      author         = "Leader, Elliot and Sidorov, Aleksander V. and Stamenov,
                        Dimiter B.",
      title          = "{Determination of Polarized PDFs from a QCD Analysis of
                        Inclusive and Semi-inclusive Deep Inelastic Scattering
                        Data}",
      journal        = "Phys.Rev.",
      volume         = "D82",
      pages          = "114018",
      doi            = "10.1103/PhysRevD.82.114018",
      year           = "2010",
      eprint         = "1010.0574",
      archivePrefix  = "arXiv",
      primaryClass   = "hep-ph",
      SLACcitation   = "%%CITATION = ARXIV:1010.0574;%%",
}

%AAC 2008

@article{Hirai:2008aj,
      author         = "Hirai, M. and Kumano, S.",
      title          = "{Determination of gluon polarization from deep inelastic
                        scattering and collider data}",
      collaboration  = "Asymmetry Analysis Collaboration",
      journal        = "Nucl.Phys.",
      volume         = "B813",
      pages          = "106-122",
      doi            = "10.1016/j.nuclphysb.2008.12.026",
      year           = "2009",
      eprint         = "0808.0413",
      archivePrefix  = "arXiv",
      primaryClass   = "hep-ph",
      reportNumber   = "KEK-TH-1208",
      SLACcitation   = "%%CITATION = ARXIV:0808.0413;%%",
}


%BBS2001 original EPJC

@article{
year={2002},
issn={1434-6044},
journal={The European Physical Journal C - Particles and Fields},
volume={23},
number={3},
doi={10.1007/s100520100855},
title={A statistical approach for polarized parton distributions},
url={http://dx.doi.org/10.1007/s100520100855},
publisher={Springer-Verlag},
author={Bourrely, C. and Soffer, J. and Buccella, F.},
pages={487-501},
language={English}
}

%BBS2007 PLB adding strangeness

@article{Bourrely200739,
title = "Strangeness asymmetry of the nucleon in the statistical parton model ",
journal = "Physics Letters B ",
volume = "648",
number = "1",
pages = "39 - 45",
year = "2007",
note = "",
issn = "0370-2693",
doi = "http://dx.doi.org/10.1016/j.physletb.2007.02.063",
url = "http://www.sciencedirect.com/science/article/pii/S037026930700295X",
author = "Claude Bourrely and Jacques Soffer and Franco Buccella"
}

%BBS2011 PRD on SIDIS Pt dependency:

@article{PhysRevD.83.074008,
  title = {Semi-inclusive DIS cross sections and spin asymmetries in the quantum statistical parton distributions approach},
  author = {Bourrely, Claude and Buccella, Franco and Soffer, Jacques},
  journal = {Phys. Rev. D},
  volume = {83},
  issue = {7},
  pages = {074008},
  numpages = {12},
  year = {2011},
  month = {Apr},
  publisher = {American Physical Society},
  doi = {10.1103/PhysRevD.83.074008},
  url = {http://link.aps.org/doi/10.1103/PhysRevD.83.074008}
}

% BBS2013 on W asy.

@article{Bourrely2013296,
title = "bosons production in the quantum statistical parton distributions approach ",
journal = "Physics Letters B ",
volume = "726",
number = "1Ð3",
pages = "296 - 299",
year = "2013",
note = "",
issn = "0370-2693",
doi = "http://dx.doi.org/10.1016/j.physletb.2013.08.045",
url = "http://www.sciencedirect.com/science/article/pii/S0370269313006849",
author = "Claude Bourrely and Franco Buccella and Jacques Soffer",
keywords = "Gauge boson production",
keywords = "Statistical distributions",
keywords = "Asymmetries "
}


% factorization, DY
@article{Ji:2004xq,
      author         = "Ji, Xiang-dong and Ma, Jian-Ping and Yuan, Feng",
      title          = "{QCD factorization for spin-dependent cross sections in
                        DIS and Drell-Yan processes at low transverse momentum}",
      journal        = "Phys.Lett.",
      volume         = "B597",
      pages          = "299-308",
      doi            = "10.1016/j.physletb.2004.07.026",
      year           = "2004",
      eprint         = "hep-ph/0405085",
      archivePrefix  = "arXiv",
      primaryClass   = "hep-ph",
      SLACcitation   = "%%CITATION = HEP-PH/0405085;%%",
}

% Hall-C E00-008
@article{Navasardyan:2006gv,
      author         = "Navasardyan, T. and Adams, G.S. and Ahmidouch, A. and
                        Angelescu, T. and Arrington, J. and others",
      title          = "{The Onset of Quark-Hadron Duality in Pion
                        Electroproduction}",
      journal        = "Phys.Rev.Lett.",
      volume         = "98",
      pages          = "022001",
      doi            = "10.1103/PhysRevLett.98.022001",
      year           = "2007",
      eprint         = "hep-ph/0608214",
      archivePrefix  = "arXiv",
      primaryClass   = "hep-ph",
      reportNumber   = "JLAB-PHY-06-536",
      SLACcitation   = "%%CITATION = HEP-PH/0608214;%%",
}

@article{Asaturyan:2011mq,
      author         = "Asaturyan, R. and Ent, R. and Mkrtchyan, H. and
                        Navasardyan, T. and Tadevosyan, V. and others",
      title          = "{Semi-Inclusive Charged-Pion Electroproduction off
                        Protons and Deuterons: Cross Sections, Ratios and Access
                        to the Quark-Parton Model at Low Energies}",
      journal        = "Phys.Rev.",
      volume         = "C85",
      pages          = "015202",
      doi            = "10.1103/PhysRevC.85.015202",
      year           = "2012",
      eprint         = "1103.1649",
      archivePrefix  = "arXiv",
      primaryClass   = "nucl-ex",
      reportNumber   = "JLAB-PHY-11-1381",
      SLACcitation   = "%%CITATION = ARXIV:1103.1649;%%",
}

% Christova, leader,
@article{Christova:1999he,
      author         = "Christova, Ekaterina and Leader, Elliot",
      title          = "{Semiinclusive pi+- scattering: Tests for independent
                        fragmentation and for polarized quark densities}",
      journal        = "Phys.Lett.",
      volume         = "B468",
      pages          = "299-303",
      doi            = "10.1016/S0370-2693(99)01213-7",
      year           = "1999",
      eprint         = "hep-ph/9907265",
      archivePrefix  = "arXiv",
      primaryClass   = "hep-ph",
      reportNumber   = "INRNE-TH-33-99",
      SLACcitation   = "%%CITATION = HEP-PH/9907265;%%",
}

@article{Christova:2000nz,
      author         = "Christova, Ekaterina and Leader, Elliot",
      title          = "{A Strategy for the analysis of semiinclusive deep
                        inelastic scattering}",
      journal        = "Nucl.Phys.",
      volume         = "B607",
      pages          = "369-390",
      doi            = "10.1016/S0550-3213(01)00244-9",
      year           = "2001",
      eprint         = "hep-ph/0007303",
      archivePrefix  = "arXiv",
      primaryClass   = "hep-ph",
      reportNumber   = "CERN-TH-2000-177",
      SLACcitation   = "%%CITATION = HEP-PH/0007303;%%",
}

%Andrews Reference.bib
%
@article{SLAC_R1998,
journal = "Physics Letters B ",
volume = "452",
number = "1â2",
pages = "194 - 200",
year = "1999",
note = "",
issn = "0370-2693",
doi = "http://dx.doi.org/10.1016/S0370-2693(99)00244-0",
url = "http://www.sciencedirect.com/science/article/pii/S0370269399002440",
author = "K. Abe and others"
}

@article{COMPASS_d_2009,
      author         = "Alekseev, M. and others",
      title          = "{Flavour Separation of Helicity Distributions from Deep
                        Inelastic Muon-Deuteron Scattering}",
      collaboration  = "COMPASS Collaboration",
      journal        = "Phys.Lett.",
      volume         = "B680",
      pages          = "217-224",
      doi            = "10.1016/j.physletb.2009.08.065",
      year           = "2009",
      eprint         = "0905.2828",
      archivePrefix  = "arXiv",
      primaryClass   = "hep-ex",
      reportNumber   = "CERN-PH-EP-2009-008",
      SLACcitation   = "%%CITATION = ARXIV:0905.2828;%%",
}

@article{COMPASS_d_p_2010,
      author         = "Alekseev, M.G. and others",
      title          = "{Quark helicity distributions from longitudinal spin
                        asymmetries in muon-proton and muon-deuteron scattering}",
      collaboration  = "COMPASS Collaboration",
      journal        = "Phys.Lett.",
      volume         = "B693",
      pages          = "227-235",
      doi            = "10.1016/j.physletb.2010.08.034",
      year           = "2010",
      eprint         = "1007.4061",
      archivePrefix  = "arXiv",
      primaryClass   = "hep-ex",
      reportNumber   = "CERN-PH-EP-2010-023",
      SLACcitation   = "%%CITATION = ARXIV:1007.4061;%%",
}

@article{DSSVplusplus,
      author         = "de Florian, Daniel and Sassot, Rodolfo and Stratmann,
                        Marco and Vogelsang, Werner",
      title          = "{Evidence for polarization of gluons in the proton}",
      year           = "2014",
      eprint         = "1404.4293",
      archivePrefix  = "arXiv",
      primaryClass   = "hep-ph",
      SLACcitation   = "%%CITATION = ARXIV:1404.4293;%%",
}

@article{BoerMuldersBMP2010,
  title = {Boer-Mulders effect in unpolarized SIDIS: An analysis of the COMPASS and HERMES data on the cos{}2$\phi${} asymmetry},
  author = {Barone, Vincenzo and Melis, Stefano and Prokudin, Alexei},
  journal = {Phys. Rev. D},
  volume = {81},
  issue = {11},
  pages = {114026},
  numpages = {9},
  year = {2010},
  month = {Jun},
  publisher = {American Physical Society},
  doi = {10.1103/PhysRevD.81.114026},
  url = {http://link.aps.org/doi/10.1103/PhysRevD.81.114026}
}


@article{Sivers:1989cc,
      author         = "Sivers, Dennis W.",
      title          = "{Single Spin Production Asymmetries from the Hard
                        Scattering of Point-Like Constituents}",
      journal        = "Phys.Rev.",
      volume         = "D41",
      pages          = "83",
      doi            = "10.1103/PhysRevD.41.83",
      year           = "1990",
      reportNumber   = "ANL-HEP-PR-89-32",
      SLACcitation   = "%%CITATION = PHRVA,D41,83;%%",
}

@article{Collins1993161,
title = "Fragmentation of transversely polarized quarks probed in transverse momentum distributions ",
journal = "Nuclear Physics B ",
volume = "396",
number = "1",
pages = "161 - 182",
year = "1993",
note = "",
issn = "0550-3213",
doi = "http://dx.doi.org/10.1016/0550-3213(93)90262-N",
url = "http://www.sciencedirect.com/science/article/pii/055032139390262N",
author = "John Collins"
}

@article{Brodsky200299,
title = "Final-state interactions and single-spin asymmetries in semi-inclusive deep inelastic scattering ",
journal = "Physics Letters B ",
volume = "530",
number = "1â4",
pages = "99 - 107",
year = "2002",
note = "",
issn = "0370-2693",
doi = "http://dx.doi.org/10.1016/S0370-2693(02)01320-5",
url = "http://www.sciencedirect.com/science/article/pii/S0370269302013205",
author = "Stanley J. Brodsky and Dae Sung Hwang and Ivan Schmidt"
}

@article{Collins200243,
title = "Leading-twist single-transverse-spin asymmetries: DrellâYan and deep-inelastic scattering ",
journal = "Physics Letters B ",
volume = "536",
number = "1â2",
pages = "43 - 48",
year = "2002",
note = "",
issn = "0370-2693",
doi = "http://dx.doi.org/10.1016/S0370-2693(02)01819-1",
url = "http://www.sciencedirect.com/science/article/pii/S0370269302018191",
author = "John C. Collins"
}

@article{Mulders:1995dh,
      author         = "Mulders, P.J. and Tangerman, R.D.",
      title          = "{The Complete tree level result up to order 1/Q for
                        polarized deep inelastic leptoproduction}",
      journal        = "Nucl.Phys.",
      volume         = "B461",
      pages          = "197-237",
      doi            = "10.1016/0550-3213(95)00632-X",
      year           = "1996",
      eprint         = "hep-ph/9510301",
      archivePrefix  = "arXiv",
      primaryClass   = "hep-ph",
      reportNumber   = "NIKHEF-95-053",
      SLACcitation   = "%%CITATION = HEP-PH/9510301;%%",
}

@article{Boer:1997nt,
      author         = "Boer, Daniel and Mulders, P.J.",
      title          = "{Time reversal odd distribution functions in
                        leptoproduction}",
      journal        = "Phys.Rev.",
      volume         = "D57",
      pages          = "5780-5786",
      doi            = "10.1103/PhysRevD.57.5780",
      year           = "1998",
      eprint         = "hep-ph/9711485",
      archivePrefix  = "arXiv",
      primaryClass   = "hep-ph",
      reportNumber   = "NIKHEF-97-049, VUTH-97-20",
      SLACcitation   = "%%CITATION = HEP-PH/9711485;%%",
}

@article{Bacchetta:2006tn,
      author         = "Bacchetta, Alessandro and Diehl, Markus and Goeke, Klaus
                        and Metz, Andreas and Mulders, Piet J. and others",
      title          = "{Semi-inclusive deep inelastic scattering at small
                        transverse momentum}",
      journal        = "JHEP",
      volume         = "0702",
      pages          = "093",
      doi            = "10.1088/1126-6708/2007/02/093",
      year           = "2007",
      eprint         = "hep-ph/0611265",
      archivePrefix  = "arXiv",
      primaryClass   = "hep-ph",
      reportNumber   = "DESY-06-204",
      SLACcitation   = "%%CITATION = HEP-PH/0611265;%%",
}

@article{Ji:2004wu,
      author         = "Ji, Xiang-dong and Ma, Jian-ping and Yuan, Feng",
      title          = "{QCD factorization for semi-inclusive deep-inelastic
                        scattering at low transverse momentum}",
      journal        = "Phys.Rev.",
      volume         = "D71",
      pages          = "034005",
      doi            = "10.1103/PhysRevD.71.034005",
      year           = "2005",
      eprint         = "hep-ph/0404183",
      archivePrefix  = "arXiv",
      primaryClass   = "hep-ph",
      reportNumber   = "DOE-ER-40762-308, UM-PP-04-037, UM-PP-#04-037",
      SLACcitation   = "%%CITATION = HEP-PH/0404183;%%",
}

@article{Diehl:2013xca,
      author         = "Diehl, Markus and Kroll, Peter",
      title          = "{Nucleon form factors, generalized parton distributions
                        and quark angular momentum}",
      journal        = "Eur.Phys.J.",
      volume         = "C73",
      pages          = "2397",
      doi            = "10.1140/epjc/s10052-013-2397-7",
      year           = "2013",
      eprint         = "1302.4604",
      archivePrefix  = "arXiv",
      primaryClass   = "hep-ph",
      reportNumber   = "DESY-13-025",
      SLACcitation   = "%%CITATION = ARXIV:1302.4604;%%",
}

@article{PDG2012,
  title = {Review of Particle Physics},
  author = {Beringer, J. and others},
  collaboration = {Particle Data Group},
  journal = {Phys. Rev. D},
  volume = {86},
  issue = {1},
  pages = {010001},
  numpages = {1528},
  year = {2012},
  month = {Jul},
  doi = {10.1103/PhysRevD.86.010001},
  url = {http://link.aps.org/doi/10.1103/PhysRevD.86.010001},
  publisher = {American Physical Society}
}

@article{CJ12PDF,
      author         = "Owens, J.F. and Accardi, A. and Melnitchouk, W.",
      title          = "{Global parton distributions with nuclear and
                        finite-$Q^2$ corrections}",
      journal        = "Phys.Rev.",
      volume         = "D87",
      pages          = "094012",
      doi            = "10.1103/PhysRevD.87.094012",
      year           = "2013",
      eprint         = "1212.1702",
      archivePrefix  = "arXiv",
      primaryClass   = "hep-ph",
      reportNumber   = "JLAB-THY-13-5",
      SLACcitation   = "%%CITATION = ARXIV:1212.1702;%%",
}

@article{MSTWPDF,
      author         = "Martin, A.D. and Stirling, W.J. and Thorne, R.S. and
                        Watt, G.",
      title          = "{Parton distributions for the LHC}",
      journal        = "Eur.Phys.J.",
      volume         = "C63",
      pages          = "189-285",
      doi            = "10.1140/epjc/s10052-009-1072-5",
      year           = "2009",
      eprint         = "0901.0002",
      archivePrefix  = "arXiv",
      primaryClass   = "hep-ph",
      reportNumber   = "IPPP-08-95, DCPT-08-190, CAVENDISH-HEP-08-16",
      SLACcitation   = "%%CITATION = ARXIV:0901.0002;%%",
}

@article{FKT2,
  title = {Observed Behavior of Highly Inelastic Electron-Proton Scattering},
  author = {Breidenbach, M. and Friedman, J. I. and Kendall, H. W. and Bloom, E. D. and Coward, D. H. and DeStaebler, H. and Drees, J. and Mo, L. W. and Taylor, R. E.},
  journal = {Phys. Rev. Lett.},
  volume = {23},
  issue = {16},
  pages = {935--939},
  year = {1969},
  month = {Oct},
  doi = {10.1103/PhysRevLett.23.935},
  url = {http://link.aps.org/doi/10.1103/PhysRevLett.23.935},
  publisher = {American Physical Society}
}

@article{FKT1,
      author         = "Bloom, Elliott D. and Coward, D.H. and DeStaebler, H.C.
                        and Drees, J. and Miller, Guthrie and others",
      title          = "{High-Energy Inelastic e p Scattering at 6-Degrees and
                        10-Degrees}",
      journal        = "Phys.Rev.Lett.",
      volume         = "23",
      pages          = "930-934",
      doi            = "10.1103/PhysRevLett.23.930",
      year           = "1969",
      reportNumber   = "SLAC-PUB-0642",
      SLACcitation   = "%%CITATION = PRLTA,23,930;%%",
}

@article{FKT3,
  title = {{High-Energy Single-Arm Inelastic $e-p$ and $e-d$ Scattering at 6 and 10$^{\circ}$}},
  author = {Poucher, J. S. and Breidenbach, M. and Ditzler, R. and Friedman, J. I. and Kendall, H. W. and Bloom, E. D. and Cottrell, R. L. A. and Coward, D. H. and DeStaebler, H. and Jordan, C. L. and Piel, H. and Taylor, R. E.},
  journal = {Phys. Rev. Lett.},
  volume = {32},
  issue = {3},
  pages = {118--121},
  year = {1974},
  month = {Jan},
  doi = {10.1103/PhysRevLett.32.118},
  url = {http://link.aps.org/doi/10.1103/PhysRevLett.32.118},
  publisher = {American Physical Society}
}

@article{GrossWilczek,
  title = {Ultraviolet Behavior of Non-Abelian Gauge Theories},
  author = {Gross, David J. and Wilczek, Frank},
  journal = {Phys. Rev. Lett.},
  volume = {30},
  issue = {26},
  pages = {1343--1346},
  year = {1973},
  month = {Jun},
  doi = {10.1103/PhysRevLett.30.1343},
  url = {http://link.aps.org/doi/10.1103/PhysRevLett.30.1343},
  publisher = {American Physical Society}
}

@article{Politzer,
  title = {Reliable Perturbative Results for Strong Interactions?},
  author = {Politzer, H. David},
  journal = {Phys. Rev. Lett.},
  volume = {30},
  issue = {26},
  pages = {1346--1349},
  year = {1973},
  month = {Jun},
  doi = {10.1103/PhysRevLett.30.1346},
  url = {http://link.aps.org/doi/10.1103/PhysRevLett.30.1346},
  publisher = {American Physical Society}
}

@article{DGLAP,
      author         = "Altarelli, Guido and Parisi, G.",
      title          = "{Asymptotic Freedom in Parton Language}",
      journal        = "Nucl.Phys.",
      volume         = "B126",
      pages          = "298",
      doi            = "10.1016/0550-3213(77)90384-4",
      year           = "1977",
      reportNumber   = "LPTENS-77-6",
      SLACcitation   = "%%CITATION = NUPHA,B126,298;%%",
}

@article{DSS2007,
      author         = "de Florian, Daniel and Sassot, Rodolfo and Stratmann,
                        Marco",
      title          = "{Global analysis of fragmentation functions for pions and
                        kaons and their uncertainties}",
      journal        = "Phys.Rev.",
      volume         = "D75",
      pages          = "114010",
      doi            = "10.1103/PhysRevD.75.114010",
      year           = "2007",
      eprint         = "hep-ph/0703242",
      archivePrefix  = "arXiv",
      primaryClass   = "HEP-PH",
      SLACcitation   = "%%CITATION = HEP-PH/0703242;%%",
}





@article{dssv2008,
  title = {Global Analysis of Helicity Parton Densities and their Uncertainties},
  author = {de Florian, Daniel and Sassot, Rodolfo and Stratmann, Marco and Vogelsang, Werner},
  journal = {Phys. Rev. Lett.},
  volume = {101},
  issue = {7},
  pages = {072001},
  numpages = {4},
  year = {2008},
  month = {Aug},
  publisher = {American Physical Society},
  doi = {10.1103/PhysRevLett.101.072001},
  url = {http://link.aps.org/doi/10.1103/PhysRevLett.101.072001}
}


@article{DSSV2009,
  title = {Extraction of spin-dependent parton densities and their uncertainties},
  author = {de Florian, Daniel and Sassot, Rodolfo and Stratmann, Marco and Vogelsang, Werner},
  journal = {Phys. Rev. D},
  volume = {80},
  issue = {3},
  pages = {034030},
  numpages = {26},
  year = {2009},
  month = {Aug},
  publisher = {American Physical Society},
  doi = {10.1103/PhysRevD.80.034030},
  url = {http://link.aps.org/doi/10.1103/PhysRevD.80.034030}
}

@article{DSSVplus,
      author         = "de Florian, D. and Sassot, R. and Stratmann, M. and
                        Vogelsang, W.",
      title          = "{Global analysis of helicity PDFs: Past - present -
                        future}",
      year           = "2011",
      eprint         = "1108.3955",
      archivePrefix  = "arXiv",
      primaryClass   = "hep-ph",
      SLACcitation   = "%%CITATION = ARXIV:1108.3955;%%",
}


@article{BB2010,
title = "\{QCD\} analysis of polarized deep inelastic scattering data ",
journal = "Nuclear Physics B ",
volume = "841",
number = "1â2",
pages = "205 - 230",
year = "2010",
note = "",
issn = "0550-3213",
doi = "http://dx.doi.org/10.1016/j.nuclphysb.2010.08.005",
url = "http://www.sciencedirect.com/science/article/pii/S0550321310004165",
author = "Johannes BlÃ¼mlein and Helmut BÃ¶ttcher"
}

@article{LSS2010,
  title = {Determination of polarized parton densities from a QCD analysis of inclusive and semi-inclusive deep inelastic scattering data},
  author = {Leader, Elliot and Sidorov, Aleksander V. and Stamenov, Dimiter B.},
  journal = {Phys. Rev. D},
  volume = {82},
  issue = {11},
  pages = {114018},
  numpages = {12},
  year = {2010},
  month = {Dec},
  publisher = {American Physical Society},
  doi = {10.1103/PhysRevD.82.114018},
  url = {http://link.aps.org/doi/10.1103/PhysRevD.82.114018}
}


@article{AidalaSpin2013,
      author         = "Aidala, Christine A. and Bass, Steven D. and Hasch, Delia
                        and Mallot, Gerhard K.",
      title          = "{The Spin Structure of the Nucleon}",
      journal        = "Rev.Mod.Phys.",
      volume         = "85",
      pages          = "655-691",
      doi            = "10.1103/RevModPhys.85.655",
      year           = "2013",
      eprint         = "1209.2803",
      archivePrefix  = "arXiv",
      primaryClass   = "hep-ph",
      SLACcitation   = "%%CITATION = ARXIV:1209.2803;%%",
}

@article{KuhnSpin2008,
      author         = "Kuhn, S.E. and Chen, J.-P. and Leader, E.",
      title          = "{Spin Structure of the Nucleon - Status and Recent
                        Results}",
      journal        = "Prog.Part.Nucl.Phys.",
      volume         = "63",
      pages          = "1-50",
      doi            = "10.1016/j.ppnp.2009.02.001",
      year           = "2009",
      eprint         = "0812.3535",
      archivePrefix  = "arXiv",
      primaryClass   = "hep-ph",
      reportNumber   = "JLAB-PHY-08-887",
      SLACcitation   = "%%CITATION = ARXIV:0812.3535;%%",
}

@article{PhysRevLett.30.624,
  title = {{Study of Scaling in the Inclusive Electroproduction Reactions ${e}^{-}+p\rightarrow{e}^{-}+{\pi}^{\pm}+X$}},
  author = {Bebek, C. J. and Brown, C. N. and Lichtenstein, C. A. and Herzlinger, M. and Pipkin, F. M. and Sisterson, L. K. and Andrews, D. and Berkelman, K. and Cassel, D. G. and Hartill, D. L.},
  journal = {Phys. Rev. Lett.},
  volume = {30},
  issue = {13},
  pages = {624--626},
  year = {1973},
  month = {Mar},
  doi = {10.1103/PhysRevLett.30.624},
  url = {http://link.aps.org/doi/10.1103/PhysRevLett.30.624},
  publisher = {American Physical Society}
}

@article{PhysRevLett.41.1433,
  title = {Electroproduction of Charged Pions in the Quark-Fragmentation Region},
  author = {Drews, G. and Gebert, W. and Janata, F. and Joos, P. and Ladage, A. and Nagel, H. and Preissner, H. and S\"oding, P. and Cohen, I. and Erickson, R. and Messing, F. and Nordberg, E. and Siemann, R. and Smith-Kintner, J. and Stein, P. and Sadoff, A.},
  journal = {Phys. Rev. Lett.},
  volume = {41},
  issue = {21},
  pages = {1433--1436},
  year = {1978},
  month = {Nov},
  doi = {10.1103/PhysRevLett.41.1433},
  url = {http://link.aps.org/doi/10.1103/PhysRevLett.41.1433},
  publisher = {American Physical Society}
}

@article{AnselminoGeneralHelicity,
  title = {General helicity formalism for semi-inclusive deep inelastic scattering},
  author = {Anselmino, M. and Boglione, M. and D'Alesio, U. and Melis, S. and Murgia, F. and Nocera, E. R. and Prokudin, A.},
  journal = {Phys. Rev. D},
  volume = {83},
  issue = {11},
  pages = {114019},
  numpages = {24},
  year = {2011},
  month = {Jun},
  doi = {10.1103/PhysRevD.83.114019},
  url = {http://link.aps.org/doi/10.1103/PhysRevD.83.114019},
  publisher = {American Physical Society}
}


@article{TrentoConventions,
  title = {Single-spin asymmetries: The Trento conventions},
  author = {Bacchetta, Alessandro and D'Alesio, Umberto and Diehl, Markus and Miller, C. Andy},
  journal = {Phys. Rev. D},
  volume = {70},
  issue = {11},
  pages = {117504},
  numpages = {4},
  year = {2004},
  month = {Dec},
  doi = {10.1103/PhysRevD.70.117504},
  url = {http://link.aps.org/doi/10.1103/PhysRevD.70.117504},
  publisher = {American Physical Society}
}

@article{Anselmino:2013vqa,
      author         = "Anselmino, M. and Boglione, M. and D'Alesio, U. and
                        Melis, S. and Murgia, F. and others",
      title          = "{Simultaneous extraction of transversity and Collins
                        functions from new SIDIS and e+e- data}",
      journal        = "Phys.Rev.",
      volume         = "D87",
      pages          = "094019",
      year           = "2013",
      eprint         = "1303.3822",
      archivePrefix  = "arXiv",
      primaryClass   = "hep-ph",
      reportNumber   = "JLAB-THY-13-1704",
      SLACcitation   = "%%CITATION = ARXIV:1303.3822;%%",
}

@article{HERMES_multiplicities,
  title = {Multiplicities of charged pions and kaons from semi-inclusive deep-inelastic scattering by the proton and the deuteron},
  author = {Airapetian, A. and others},
  collaboration = {HERMES Collaboration},
  journal = {Phys. Rev. D},
  volume = {87},
  issue = {7},
  pages = {074029},
  numpages = {14},
  year = {2013},
  month = {Apr},
  doi = {10.1103/PhysRevD.87.074029},
  url = {http://link.aps.org/doi/10.1103/PhysRevD.87.074029},
  publisher = {American Physical Society}
}

@article{HallCSIDIS,
  title = {Semi-inclusive charged-pion electroproduction off protons and deuterons: Cross sections, ratios, and access to the quark-parton model at low energies},
  author = {Asaturyan, R. and others},
  journal = {Phys. Rev. C},
  volume = {85},
  issue = {1},
  pages = {015202},
  numpages = {31},
  year = {2012},
  month = {Jan},
  doi = {10.1103/PhysRevC.85.015202},
  url = {http://link.aps.org/doi/10.1103/PhysRevC.85.015202},
  publisher = {American Physical Society}
}

@article{Ji13,
  title = {Probing parton orbital angular momentum in longitudinally polarized nucleon},
  author = {Ji, Xiangdong and Xiong, Xiaonu and Yuan, Feng},
  journal = {Phys. Rev. D},
  volume = {88},
  issue = {1},
  pages = {014041},
  numpages = {9},
  year = {2013},
  month = {Jul},
  doi = {10.1103/PhysRevD.88.014041},
  url = {http://link.aps.org/doi/10.1103/PhysRevD.88.014041},
  publisher = {American Physical Society}
}

@article{Hatta2012186,
title = "Notes on the orbital angular momentum of quarks in the nucleon ",
journal = "Physics Letters B ",
volume = "708",
number = "1â2",
pages = "186 - 190",
year = "2012",
note = "",
issn = "0370-2693",
doi = "http://dx.doi.org/10.1016/j.physletb.2012.01.024",
url = "http://www.sciencedirect.com/science/article/pii/S0370269312000378",
author = "Yoshitaka Hatta"
}

@article{LorceSpin2012,
  title = {Geometrical approach to the proton spin decomposition},
  author = {Lorc\'e, C\'edric},
  journal = {Phys. Rev. D},
  volume = {87},
  issue = {3},
  pages = {034031},
  numpages = {17},
  year = {2013},
  month = {Feb},
  doi = {10.1103/PhysRevD.87.034031},
  url = {http://link.aps.org/doi/10.1103/PhysRevD.87.034031},
  publisher = {American Physical Society}
}

@article{PhysRevLett.78.610,
  title = {Gauge-Invariant Decomposition of Nucleon Spin},
  author = {Ji, Xiangdong},
  journal = {Phys. Rev. Lett.},
  volume = {78},
  issue = {4},
  pages = {610--613},
  year = {1997},
  month = {Jan},
  doi = {10.1103/PhysRevLett.78.610},
  url = {http://link.aps.org/doi/10.1103/PhysRevLett.78.610},
  publisher = {American Physical Society}
}

@article{ChenSpin2008,
  title = {Spin and Orbital Angular Momentum in Gauge Theories: Nucleon Spin Structure and Multipole Radiation Revisited},
  author = {Chen, Xiang-Song and L\"u, Xiao-Fu and Sun, Wei-Min and Wang, Fan and Goldman, T.},
  journal = {Phys. Rev. Lett.},
  volume = {100},
  issue = {23},
  pages = {232002},
  numpages = {4},
  year = {2008},
  month = {Jun},
  doi = {10.1103/PhysRevLett.100.232002},
  url = {http://link.aps.org/doi/10.1103/PhysRevLett.100.232002},
  publisher = {American Physical Society}
}

@article{Leader2011,
  title = {Controversy concerning the definition of quark and gluon angular momentum},
  author = {Leader, Elliot},
  journal = {Phys. Rev. D},
  volume = {83},
  issue = {9},
  pages = {096012},
  numpages = {17},
  year = {2011},
  month = {May},
  doi = {10.1103/PhysRevD.83.096012},
  url = {http://link.aps.org/doi/10.1103/PhysRevD.83.096012},
  publisher = {American Physical Society}
}

@article{Jaffe1990509,
title = "The g1 problem: Deep inelastic electron scattering and the spin of the proton ",
journal = "Nuclear Physics B ",
volume = "337",
number = "3",
pages = "509 - 546",
year = "1990",
note = "",
issn = "0550-3213",
doi = "http://dx.doi.org/10.1016/0550-3213(90)90506-9",
url = "http://www.sciencedirect.com/science/article/pii/0550321390905069",
author = "R.L. Jaffe and Aneesh Manohar"
}

@article{Kretzer00,
  title = {Fragmentation functions from flavor-inclusive and flavor-tagged ${e}^{+}{e}^{-}$ annihilations},
  author = {Kretzer, S.},
  journal = {Phys. Rev. D},
  volume = {62},
  issue = {5},
  pages = {054001},
  numpages = {13},
  year = {2000},
  month = {Jul},
  doi = {10.1103/PhysRevD.62.054001},
  url = {http://link.aps.org/doi/10.1103/PhysRevD.62.054001},
  publisher = {American Physical Society}
}

@article{Albino2005181,
title = "Fragmentation functions for light charged hadrons with complete quark flavour separation ",
journal = "Nuclear Physics B ",
volume = "725",
number = "1â2",
pages = "181 - 206",
year = "2005",
note = "",
issn = "0550-3213",
doi = "http://dx.doi.org/10.1016/j.nuclphysb.2005.07.010",
url = "http://www.sciencedirect.com/science/article/pii/S055032130500564X",
author = "S. Albino and B.A. Kniehl and G. Kramer"
}



@article{HKNS2007,
  title = {Determination of fragmentation functions and their uncertainties},
  author = {Hirai, M. and Kumano, S. and Nagai, T.-H. and Sudoh, K.},
  journal = {Phys. Rev. D},
  volume = {75},
  issue = {9},
  pages = {094009},
  numpages = {17},
  year = {2007},
  month = {May},
  doi = {10.1103/PhysRevD.75.094009},
  url = {http://link.aps.org/doi/10.1103/PhysRevD.75.094009},
  publisher = {American Physical Society}
}

@article{OsipenkoCLAS,
  title = {Measurement of semi-inclusive ${$\pi${}}^{+}$ electroproduction off the proton},
  author = {Osipenko, M. and others},
  collaboration = {CLAS Collaboration},
  journal = {Phys. Rev. D},
  volume = {80},
  issue = {3},
  pages = {032004},
  numpages = {33},
  year = {2009},
  month = {Aug},
  doi = {10.1103/PhysRevD.80.032004},
  url = {http://link.aps.org/doi/10.1103/PhysRevD.80.032004},
  publisher = {American Physical Society}
}

@article{HERMES_azimuthal,
  title = {Azimuthal distributions of charged hadrons, pions, and kaons produced in deep-inelastic scattering off unpolarized protons and deuterons},
  author = {Airapetian, A. and others},
  collaboration = {HERMES Collaboration},
  journal = {Phys. Rev. D},
  volume = {87},
  issue = {1},
  pages = {012010},
  numpages = {22},
  year = {2013},
  month = {Jan},
  doi = {10.1103/PhysRevD.87.012010},
  url = {http://link.aps.org/doi/10.1103/PhysRevD.87.012010},
  publisher = {American Physical Society}
}

@article{Boer:2011xd,
      author         = "Boer, Daniel and Gamberg, Leonard and Musch, Bernhard and
                        Prokudin, Alexei",
      title          = "{Bessel-Weighted Asymmetries in Semi Inclusive Deep
                        Inelastic Scattering}",
      journal        = "JHEP",
      volume         = "1110",
      pages          = "021",
      doi            = "10.1007/JHEP10(2011)021",
      year           = "2011",
      eprint         = "1107.5294",
      archivePrefix  = "arXiv",
      primaryClass   = "hep-ph",
      reportNumber   = "JLAB-THY-11-1327",
      SLACcitation   = "%%CITATION = ARXIV:1107.5294;%%",
}

@article{Mulders:2000jt,
      author         = "Mulders, P.J.",
      title          = "{Current fragmentation in semiinclusive leptoproduction}",
      journal        = "AIP Conf.Proc.",
      volume         = "588",
      pages          = "75-88",
      doi            = "10.1063/1.1413147",
      year           = "2001",
      eprint         = "hep-ph/0010199",
      archivePrefix  = "arXiv",
      primaryClass   = "hep-ph",
      reportNumber   = "VUTH-00-29",
      SLACcitation   = "%%CITATION = HEP-PH/0010199;%%",
}

@article{FNAL_E704,
title = "Analyzing power in inclusive Ï+ and Ïâ production at high xF with a 200 GeV polarized proton beam ",
journal = "Physics Letters B ",
volume = "264",
number = "3â4",
pages = "462 - 466",
year = "1991",
note = "",
issn = "0370-2693",
doi = "http://dx.doi.org/10.1016/0370-2693(91)90378-4",
url = "http://www.sciencedirect.com/science/article/pii/0370269391903784",
author = "D.L. Adams and others"
}

@article{E06010_AUT_PRL,
  title = {Single Spin Asymmetries in Charged Pion Production from Semi-Inclusive Deep Inelastic Scattering on a Transversely Polarized $^{3}\mathrm{He}$ Target at ${Q}^{2}=1.4\char21{}2.7\text{\,}\text{\,}{\mathrm{GeV}}^{2}$},
  author = {Qian, X. and others},
  collaboration = {Jefferson Lab Hall A Collaboration},
  journal = {Phys. Rev. Lett.},
  volume = {107},
  issue = {7},
  pages = {072003},
  numpages = {6},
  year = {2011},
  month = {Aug},
  doi = {10.1103/PhysRevLett.107.072003},
  url = {http://link.aps.org/doi/10.1103/PhysRevLett.107.072003},
  publisher = {American Physical Society}
}

@article{SiversOAM_Bacchetta_2011,
  title = {Constraining Quark Angular Momentum through Semi-Inclusive Measurements},
  author = {Bacchetta, Alessandro and Radici, Marco},
  journal = {Phys. Rev. Lett.},
  volume = {107},
  issue = {21},
  pages = {212001},
  numpages = {5},
  year = {2011},
  month = {Nov},
  doi = {10.1103/PhysRevLett.107.212001},
  url = {http://link.aps.org/doi/10.1103/PhysRevLett.107.212001},
  publisher = {American Physical Society}
}

@article{PhysRevD.18.3939,
  title = {Asymmetries in inclusive proton-nucleon scattering at 11.75 GeV/        \textit{c}},
  author = {Dragoset, W. H. and Roberts, J. B. and Bowers, J. E. and Courant, H. W. and Kagan, H. and Marshak, M. L. and Peterson, E. A. and Ruddick, K. and Klem, R. D.},
  journal = {Phys. Rev. D},
  volume = {18},
  issue = {11},
  pages = {3939--3954},
  year = {1978},
  month = {Dec},
  doi = {10.1103/PhysRevD.18.3939},
  url = {http://link.aps.org/doi/10.1103/PhysRevD.18.3939},
  publisher = {American Physical Society}
}

@article{PhysRevLett.64.995,
  title = {Single-spin asymmetry in inclusive reactions ${p}_{$\uparrow${}}$+p$\rightarrow${}${$\pi${}}^{+}$+X, ${$\pi${}}^{\mathrm{-}}$+X, and p+X at 13.3 and 18.5 GeV/        \textit{c}},
  author = {Saroff, S. and Baller, B. R. and Blazey, G. C. and Courant, H. and Heller, K. J. and Marshak, M. L. and Shupe, M. A. and Barton, D. S. and Bunce, G. and Carroll, A. S. and Gushue, S. and Makdisi, Y. I. and Remsberg, L. and Heppelmann, S. and Russell, J. J.},
  journal = {Phys. Rev. Lett.},
  volume = {64},
  issue = {9},
  pages = {995--998},
  year = {1990},
  month = {Feb},
  doi = {10.1103/PhysRevLett.64.995},
  url = {http://link.aps.org/doi/10.1103/PhysRevLett.64.995},
  publisher = {American Physical Society}
}

@article{PhysRevLett.36.929,
  title = {Measurement of Asymmetries of Inclusive Pion Production in Proton-Proton Interactions at 6 and 11.8 GeV/        \textit{c}},
  author = {Klem, R. D. and Bowers, J. E. and Courant, H. W. and Kagan, H. and Marshak, M. L. and Peterson, E. A. and Ruddick, K. and Dragoset, W. H. and Roberts, J. B.},
  journal = {Phys. Rev. Lett.},
  volume = {36},
  issue = {16},
  pages = {929--931},
  year = {1976},
  month = {Apr},
  doi = {10.1103/PhysRevLett.36.929},
  url = {http://link.aps.org/doi/10.1103/PhysRevLett.36.929},
  publisher = {American Physical Society}
}

@article{Ralston1979109,
title = "Production of dimuons from high-energy polarized proton-proton collisions ",
journal = "Nuclear Physics B ",
volume = "152",
number = "1",
pages = "109 - 124",
year = "1979",
note = "",
issn = "0550-3213",
doi = "http://dx.doi.org/10.1016/0550-3213(79)90082-8",
url = "http://www.sciencedirect.com/science/article/pii/0550321379900828",
author = "John P. Ralston and Davidson E. Soper"
}

@article{Bourrely1998375,
title = "The \{Q2\} evolution of Soffer inequality ",
journal = "Physics Letters B ",
volume = "420",
number = "3 4",
pages = "375 - 381",
year = "1998",
note = "",
issn = "0370-2693",
doi = "http://dx.doi.org/10.1016/S0370-2693(97)01538-4",
url = "http://www.sciencedirect.com/science/article/pii/S0370269397015384",
author = "C Bourrely and J Soffer and O.V Teryaev",
keywords = "Parton distributions",
keywords = "Polarized inequality constraints "
}

@article{Gockeler2005113,
title = "Quark helicity flip generalized parton distributions from two-flavor lattice \{QCD\} ",
journal = "Physics Letters B ",
volume = "627",
number = "1â4",
pages = "113 - 123",
year = "2005",
note = "",
issn = "0370-2693",
doi = "http://dx.doi.org/10.1016/j.physletb.2005.09.002",
url = "http://www.sciencedirect.com/science/article/pii/S0370269305012918",
author = "M. GÃ¶ckeler and Ph. HÃ¤gler and R. Horsley and D. Pleiter and P.E.L. Rakow and A. SchÃ¤fer and G. Schierholz and J.M. Zanotti"
}

@article{PhysRevLett.74.1292,
  title = {Positivity Constraints for Spin-Dependent Parton Distributions},
  author = {Soffer, Jacques},
  journal = {Phys. Rev. Lett.},
  volume = {74},
  issue = {8},
  pages = {1292--1294},
  year = {1995},
  month = {Feb},
  doi = {10.1103/PhysRevLett.74.1292},
  url = {http://link.aps.org/doi/10.1103/PhysRevLett.74.1292},
  publisher = {American Physical Society}
}

@article{PhysRevD.56.R2504,
  title = {Two-loop anomalous dimensions for the structure function ${h}_{1}$},
  author = {Kumano, S. and Miyama, M.},
  journal = {Phys. Rev. D},
  volume = {56},
  issue = {5},
  pages = {R2504--R2508},
  year = {1997},
  month = {Sep},
  doi = {10.1103/PhysRevD.56.R2504},
  url = {http://link.aps.org/doi/10.1103/PhysRevD.56.R2504},
  publisher = {American Physical Society}
}

@article{PhysRevD.56.7350,
  title = {Next-to-leading order ${Q}^{2}$ evolution of the transversity distribution ${h}_{1}{(x,Q}^{2})$},
  author = {Hayashigaki, A. and Kanazawa, Y. and Koike, Yuji},
  journal = {Phys. Rev. D},
  volume = {56},
  issue = {11},
  pages = {7350--7360},
  year = {1997},
  month = {Dec},
  doi = {10.1103/PhysRevD.56.7350},
  url = {http://link.aps.org/doi/10.1103/PhysRevD.56.7350},
  publisher = {American Physical Society}
}

@article{PhysRevD.57.1886,
  title = {Next-to-leading order evolution of transversity distributions and Soffer's inequality},
  author = {Vogelsang, Werner},
  journal = {Phys. Rev. D},
  volume = {57},
  issue = {3},
  pages = {1886--1894},
  year = {1998},
  month = {Feb},
  doi = {10.1103/PhysRevD.57.1886},
  url = {http://link.aps.org/doi/10.1103/PhysRevD.57.1886},
  publisher = {American Physical Society}
}

@article{AnselminoCollins2007,
  title = {Transversity and Collins functions from SIDIS and ${e}^{+}{e}^{-}$ data},
  author = {Anselmino, M. and Boglione, M. and D'Alesio, U. and Kotzinian, A. and Murgia, F. and Prokudin, A. and T\"urk, C.},
  journal = {Phys. Rev. D},
  volume = {75},
  issue = {5},
  pages = {054032},
  numpages = {14},
  year = {2007},
  month = {Mar},
  doi = {10.1103/PhysRevD.75.054032},
  url = {http://link.aps.org/doi/10.1103/PhysRevD.75.054032},
  publisher = {American Physical Society}
}


@article{COMPASS_proton_Sivers_2012,
title = "\{II\} â Experimental investigation of transverse spin asymmetries in Î¼-p \{SIDIS\} processes: Sivers asymmetries ",
journal = "Physics Letters B ",
volume = "717",
number = "4â5",
pages = "383 - 389",
year = "2012",
note = "",
issn = "0370-2693",
doi = "http://dx.doi.org/10.1016/j.physletb.2012.09.056",
url = "http://www.sciencedirect.com/science/article/pii/S0370269312010039",
author = "C. Adolph and others"
}

@article{COMPASS_proton_all_2010,
title = "Measurement of the Collins and Sivers asymmetries on transversely polarised protons ",
journal = "Physics Letters B ",
volume = "692",
number = "4",
pages = "240 - 246",
year = "2010",
note = "",
issn = "0370-2693",
doi = "http://dx.doi.org/10.1016/j.physletb.2010.08.001",
url = "http://www.sciencedirect.com/science/article/pii/S0370269310009184",
author = "M.G. Alekseev and others",
keywords = "Transverse spin effects",
keywords = "Proton",
keywords = "Collins asymmetry",
keywords = "Sivers asymmetry",
keywords = "\{COMPASS\} "
}



@article{COMPASS_proton_Collins_2012,
title = "I â Experimental investigation of transverse spin asymmetries in Î¼-p \{SIDIS\} processes: Collins asymmetries ",
journal = "Physics Letters B ",
volume = "717",
number = "4â5",
pages = "376 - 382",
year = "2012",
note = "",
issn = "0370-2693",
doi = "http://dx.doi.org/10.1016/j.physletb.2012.09.055",
url = "http://www.sciencedirect.com/science/article/pii/S0370269312010027",
author = "C. Adolph and others"
}

@article{HERMES_proton_Sivers_2009,
  title = {Observation of the Naive-$T$-Odd Sivers Effect in Deep-Inelastic Scattering},
  author = {Airapetian, A. and others},
  collaboration = {HERMES Collaboration},
  journal = {Phys. Rev. Lett.},
  volume = {103},
  issue = {15},
  pages = {152002},
  numpages = {5},
  year = {2009},
  month = {Oct},
  doi = {10.1103/PhysRevLett.103.152002},
  url = {http://link.aps.org/doi/10.1103/PhysRevLett.103.152002},
  publisher = {American Physical Society}
}

@article{COMPASS_deuteron_all_2009,
title = "Collins and Sivers asymmetries for pions and kaons in muonâdeuteron \{DIS\} ",
journal = "Physics Letters B ",
volume = "673",
number = "2",
pages = "127 - 135",
year = "2009",
note = "",
issn = "0370-2693",
doi = "http://dx.doi.org/10.1016/j.physletb.2009.01.060",
url = "http://www.sciencedirect.com/science/article/pii/S0370269309000884",
author = "M. Alekseev and others",
keywords = "Transversity",
keywords = "Deuteron",
keywords = "Transverse single-spin asymmetry",
keywords = "Identified hadrons",
keywords = "Collins asymmetry",
keywords = "Sivers asymmetry",
keywords = "\{COMPASS\} "
}

@article{HERMES_proton_Collins_2010,
title = "Effects of transversity in deep-inelastic scattering by polarized protons ",
journal = "Physics Letters B ",
volume = "693",
number = "1",
pages = "11 - 16",
year = "2010",
note = "",
issn = "0370-2693",
doi = "http://dx.doi.org/10.1016/j.physletb.2010.08.012",
url = "http://www.sciencedirect.com/science/article/pii/S0370269310009457",
author = "A. Airapetian and others",
keywords = "Semi-inclusive \{DIS\}",
keywords = "Single-spin asymmetries",
keywords = "Polarized structure functions",
keywords = "Transversity",
keywords = "Collins function "
}

@article{BELLE_2012,
  title = {Erratum: Measurement of azimuthal asymmetries in inclusive production of hadron pairs in ${e}^{\mathbf{+}}{e}^{\mathbf{-}}$ annihilation at $\sqrt{s}\mathbf{=}10.58\text{\,}\text{\,}\mathrm{GeV}$ [Phys. Rev. D 78, 032011 (2008)]},
  author = {Seidl, R. and others},
  collaboration = {Belle Collaboration},
  journal = {Phys. Rev. D},
  volume = {86},
  issue = {3},
  pages = {039905},
  numpages = {5},
  year = {2012},
  month = {Aug},
  doi = {10.1103/PhysRevD.86.039905},
  url = {http://link.aps.org/doi/10.1103/PhysRevD.86.039905},
  publisher = {American Physical Society}
}

@article{BELLE_2006,
  title = {Measurement of Azimuthal Asymmetries in Inclusive Production of Hadron Pairs in ${e}^{+}{e}^{-}$ Annihilation at Belle},
  author = {Seidl, R. and others},
  collaboration = {Belle Collaboration},
  journal = {Phys. Rev. Lett.},
  volume = {96},
  issue = {23},
  pages = {232002},
  numpages = {6},
  year = {2006},
  month = {Jun},
  doi = {10.1103/PhysRevLett.96.232002},
  url = {http://link.aps.org/doi/10.1103/PhysRevLett.96.232002},
  publisher = {American Physical Society}
}


@article{BELLE_2008,
  title = {Measurement of azimuthal asymmetries in inclusive production of hadron pairs in ${e}^{+}{e}^{-}$ annihilation at $\sqrt{s}=10.58\text{\,}\text{\,}\mathrm{GeV}$},
  author = {Seidl, R. and others},
  collaboration = {Belle Collaboration},
  journal = {Phys. Rev. D},
  volume = {78},
  issue = {3},
  pages = {032011},
  numpages = {24},
  year = {2008},
  month = {Aug},
  doi = {10.1103/PhysRevD.78.032011},
  url = {http://link.aps.org/doi/10.1103/PhysRevD.78.032011},
  publisher = {American Physical Society}
}

@article{PasquiniSchweitzer,
  title = {Naive time-reversal odd phenomena in semi-inclusive deep-inelastic scattering from light-cone constituent quark models},
  author = {Pasquini, B. and Schweitzer, P.},
  journal = {Phys. Rev. D},
  volume = {83},
  issue = {11},
  pages = {114044},
  numpages = {10},
  year = {2011},
  month = {Jun},
  doi = {10.1103/PhysRevD.83.114044},
  url = {http://link.aps.org/doi/10.1103/PhysRevD.83.114044},
  publisher = {American Physical Society}
}


@article{Anselmino200998,
author = "M. Anselmino and M. Boglione and U. D'Alesio and A. Kotzinian and F. Murgia and A. Prokudin and S. Melis",
title = "Update on transversity and Collins functions from \{SIDIS\} and data ",
journal = "Nuclear Physics B - Proceedings Supplements ",
volume = "191",
number = "0",
pages = "98 - 107",
year = "2009",
issn = "0920-5632",
doi = "http://dx.doi.org/10.1016/j.nuclphysbps.2009.03.117",
url = "http://www.sciencedirect.com/science/article/pii/S0920563209003727",
}

@article{Anselmino:2008sga,
      author         = "Anselmino, M. and Boglione, M. and D'Alesio, U. and
                        Kotzinian, A. and Melis, S. and others",
      title          = "{Sivers Effect for Pion and Kaon Production in
                        Semi-Inclusive Deep Inelastic Scattering}",
      journal        = "Eur.Phys.J.",
      volume         = "A39",
      pages          = "89-100",
      doi            = "10.1140/epja/i2008-10697-y",
      year           = "2009",
      eprint         = "0805.2677",
      archivePrefix  = "arXiv",
      primaryClass   = "hep-ph",
      SLACcitation   = "%%CITATION = ARXIV:0805.2677;%%",
}

@article{PhysRevD.71.074006,
  title = {Role of Cahn and Sivers effects in deep inelastic scattering},
  author = {Anselmino, M. and Boglione, M. and D'Alesio, U. and Kotzinian, A. and Murgia, F. and Prokudin, A.},
  journal = {Phys. Rev. D},
  volume = {71},
  issue = {7},
  pages = {074006},
  numpages = {15},
  year = {2005},
  month = {Apr},
  doi = {10.1103/PhysRevD.71.074006},
  url = {http://link.aps.org/doi/10.1103/PhysRevD.71.074006},
  publisher = {American Physical Society}
}

@article{PhysRevD.86.014028,
  title = {Strategy towards the extraction of the Sivers function with transverse momentum dependent evolution},
  author = {Anselmino, M. and Boglione, M. and Melis, S.},
  journal = {Phys. Rev. D},
  volume = {86},
  issue = {1},
  pages = {014028},
  numpages = {13},
  year = {2012},
  month = {Jul},
  doi = {10.1103/PhysRevD.86.014028},
  url = {http://link.aps.org/doi/10.1103/PhysRevD.86.014028},
  publisher = {American Physical Society}
}

@article{PhysRevD.84.034039,
  title = {Origin of model relations among transverse-momentum dependent parton distributions},
  author = {Lorc\'e, C. and Pasquini, B.},
  journal = {Phys. Rev. D},
  volume = {84},
  issue = {3},
  pages = {034039},
  numpages = {18},
  year = {2011},
  month = {Aug},
  doi = {10.1103/PhysRevD.84.034039},
  url = {http://link.aps.org/doi/10.1103/PhysRevD.84.034039},
  publisher = {American Physical Society}
}

@article{doi:10.1142/S0217732309001200,
author = {H. AVAKIAN and A. V. EFREMOV and P. SCHWEITZER and O. V. TERYAEV and F. YUAN and P. ZAVADA},
title = {INSIGHTS ON NON-PERTURBATIVE ASPECTS OF TMDs FROM MODELS},
journal = {Modern Physics Letters A},
volume = {24},
number = {35n37},
pages = {2995-3004},
year = {2009},
doi = {10.1142/S0217732309001200},

URL = {http://www.worldscientific.com/doi/abs/10.1142/S0217732309001200},
eprint = {http://www.worldscientific.com/doi/pdf/10.1142/S0217732309001200}
}

@article{PhysRevD.85.094510,
  title = {Sivers and Boer-Mulders observables from lattice QCD},
  author = {Musch, B. U. and H\"agler, Ph. and Engelhardt, M. and Negele, J. W. and Sch\"afer, A.},
  journal = {Phys. Rev. D},
  volume = {85},
  issue = {9},
  pages = {094510},
  numpages = {23},
  year = {2012},
  month = {May},
  doi = {10.1103/PhysRevD.85.094510},
  url = {http://link.aps.org/doi/10.1103/PhysRevD.85.094510},
  publisher = {American Physical Society}
}

@article{PhysRevD.84.034033,
  title = {Partonic transverse motion in unpolarized semi-inclusive deep inelastic scattering processes},
  author = {Boglione, M. and Melis, S. and Prokudin, A.},
  journal = {Phys. Rev. D},
  volume = {84},
  issue = {3},
  pages = {034033},
  numpages = {17},
  year = {2011},
  month = {Aug},
  doi = {10.1103/PhysRevD.84.034033},
  url = {http://link.aps.org/doi/10.1103/PhysRevD.84.034033},
  publisher = {American Physical Society}
}

@article{COMPASS_UNPOL_SIDIS,
      author         = "Adolph, C. and others",
      title          = "{Hadron Transverse Momentum Distributions in Muon Deep
                        Inelastic Scattering at 160 GeV/$c$}",
      collaboration  = "COMPASS",
      journal        = "Eur.Phys.J.",
      volume         = "C73",
      pages          = "2531",
      doi            = "10.1140/epjc/s10052-013-2531-6",
      year           = "2013",
      eprint         = "1305.7317",
      archivePrefix  = "arXiv",
      primaryClass   = "hep-ex",
      reportNumber   = "CERN-PH-EP-2013â091",
      SLACcitation   = "%%CITATION = ARXIV:1305.7317;%%",
}


@article{CLAS_ALL_AUL,
  title = {Measurement of Single- and Double-Spin Asymmetries in Deep Inelastic Pion Electroproduction with a Longitudinally Polarized Target},
  author = {Avakian, H. and others},
  collaboration = {CLAS Collaboration},
  journal = {Phys. Rev. Lett.},
  volume = {105},
  issue = {26},
  pages = {262002},
  numpages = {5},
  year = {2010},
  month = {Dec},
  doi = {10.1103/PhysRevLett.105.262002},
  url = {http://link.aps.org/doi/10.1103/PhysRevLett.105.262002},
  publisher = {American Physical Society}
}

@article{Leemann:2001dg,
      author         = "Leemann, C.W. and Douglas, D.R. and Krafft, G.A.",
      title          = "{The Continuous Electron Beam Accelerator Facility: CEBAF
                        at the Jefferson Laboratory}",
      journal        = "Ann.Rev.Nucl.Part.Sci.",
      volume         = "51",
      pages          = "413-450",
      doi            = "10.1146/annurev.nucl.51.101701.132327",
      year           = "2001",
      reportNumber   = "JLAB-ACC-01-31",
      SLACcitation   = "%%CITATION = ARNUA,51,413;%%",
}

@article{Chao:2011za,
      author         = "Chao, Y.C. and Drury, M. and Hovater, C. and Hutton, A.
                        and Krafft, G.A. and others",
      title          = "{CEBAF accelerator achievements}",
      journal        = "J.Phys.Conf.Ser.",
      volume         = "299",
      pages          = "012015",
      doi            = "10.1088/1742-6596/299/1/012015",
      year           = "2011",
      reportNumber   = "JLAB-ACP-11-1344",
      SLACcitation   = "%%CITATION = 00462,299,012015;%%",
}

@unpublished{GEP5,
author={Brash, E. and Cisbani, E. and Jones, M. and Khandaker, M. and Pentchev, L. and Perdrisat, C. F. and Punjabi, V. and Wojtsekhowski, B. and others},
title={{Large Acceptance Proton Form Factor Ratio Measurements at 13 and 15 GeV$^2$ Using Recoil Polarization Method}},
note={\url{http://www.jlab.org/exp_prog/proposals/07/PR12-07-109.pdf}},
year=2007
}

@unpublished{GEN2,
author={Cates, G. and Riordan, S. and Wojtsekhowski, B. and others},
title={{Measurement of the Neutron Electromagnetic Form Factor Ratio $G_E^n/G_M^n$ at High $Q^2$}},
note={\url{http://hallaweb.jlab.org/collab/PAC/PAC34/PR-09-016-gen.pdf}},
year=2009
}

@unpublished{GMN,
author={Gilman, R. and Quinn, B. and Wojtsekhowski, B. and others},
title={{Precision Measurement of the Neutron Magnetic Form Factor up to $Q^2 = 18.0$ (GeV/c)$^2$ by the Ratio Method}},
note={\url{http://www.jlab.org/exp_prog/proposals/07/PR12-07-109.pdf}},
year=2007
}

@unpublished{SBS_SIDIS,
author={Cates, G. and Cisbani, E. and Franklin, G. and Puckett, A. and Wojtsekhowski, B. and others},
title={{Target Single-Spin Asymmetries in Semi-Inclusive Pion and Kaon Electroproduction on a Transversely Polarized $^3$He Target using Super BigBite and BigBite in Hall A}},
note={\url{http://www.jlab.org/exp_prog/PACpage/PAC38/proposals/Conditionally\%20Approved/C12-09-018_Update.pdf}},
year=2011
}

@unpublished{GEN_HallC,
author={Anderson, B. D. and Arrington, J. and Kowalski, S. and Madey, R. and Plaster, B. and Semenov, A. and others},
title={{The Neutron Electric Form Factor at $Q^2$ up to 7 (GeV/c)$^2$ from the Reaction $^2H(\vec{e},e'\vec{n})^1H$ via Recoil Polarimetry}},
note={\url{http://www.jlab.org/exp_prog/proposals/11/PR12-11-009.pdf}},
year=2011
}

@unpublished{GMN_HallB,
author={Gilfoyle, G. P. and Brooks, W. K. and Vineyard, M. F. and Lachniet, J. D. and Weinstein, L. B. and Hafidi, K. and others},
title={{Measurement of the Neutron Magnetic Form Factor at High $Q^2$ Using the Ratio Method on Deuterium}},
note={\url{http://www.jlab.org/exp_prog/proposals/07/PR12-07-104.pdf}},
year=2007
}

@article{BigBiteOptics1998,
title = "The optical properties of the BigBite spectrometer at \{NIKHEF\} ",
journal = "Nuclear Instruments and Methods in Physics Research Section A: Accelerators, Spectrometers, Detectors and Associated Equipment ",
volume = "412",
number = "2â3",
pages = "254 - 264",
year = "1998",
note = "",
issn = "0168-9002",
doi = "http://dx.doi.org/10.1016/S0168-9002(98)00476-8",
url = "http://www.sciencedirect.com/science/article/pii/S0168900298004768",
author = "D.J.J.de Lange and others",
keywords = "Electron spectrometer",
keywords = "Magnetic spectrometer",
keywords = "Electron scattering",
keywords = "Targets",
keywords = "Magneto-optics "
}

@article{BigBite1998,
title = "A large acceptance spectrometer for the internal target facility at \{NIKHEF\} ",
journal = "Nuclear Instruments and Methods in Physics Research Section A: Accelerators, Spectrometers, Detectors and Associated Equipment ",
volume = "406",
number = "2",
pages = "182 - 194",
year = "1998",
note = "",
issn = "0168-9002",
doi = "http://dx.doi.org/10.1016/S0168-9002(98)91981-7",
url = "http://www.sciencedirect.com/science/article/pii/S0168900298919817",
author = "D.J.J de Lange and J.J.M Steijger and H de Vries and M Anghinolfi and M Taiuti and D.W Higinbotham and B.E Norum and E Konstantinov",
keywords = "Electron spectrometer",
keywords = "Magnetic spectrometer",
keywords = "Drift chambers",
keywords = "Electron scattering",
keywords = "Cherenkov detector "
}

@article{BigBiteOptics2012,
title = "Methods for optical calibration of the BigBite hadron spectrometer ",
journal = "Nuclear Instruments and Methods in Physics Research Section A: Accelerators, Spectrometers, Detectors and Associated Equipment ",
volume = "686",
number = "0",
pages = "20 - 30",
year = "2012",
note = "",
issn = "0168-9002",
doi = "http://dx.doi.org/10.1016/j.nima.2012.04.085",
url = "http://www.sciencedirect.com/science/article/pii/S0168900212004901",
author = "M. MihoviloviÄ and others",
keywords = "Optical calibration",
keywords = "Magnetic spectrometers",
keywords = "BigBite",
keywords = "Track reconstruction "
}

@unpublished{SBS_CDR_NEW,
author={LeRose, J. J. and Wojtsekhowski, B. and others},
title={{The Super-Bigbite Spectrometer for Jefferson Lab Hall A}},
note={\url{https://userweb.jlab.org/~mahbub/HallA/SBS/SBS-CDR_New.pdf}},
year=2010
}

@unpublished{SBS_CDR,
author={LeRose, J. J. and Wojtsekhowski, B. and others},
title={{The Super-Bigbite Spectrometer for Jefferson Lab Hall A}},
note={\url{https://userweb.jlab.org/\%7Ebogdanw/SBS-CDR/SBS-CDR.pdf}},
year=2009
}

@article{A1N_PRL,
  title = {Precision Measurement of the Neutron Spin AsymmetryA1n and Spin-Flavor Decomposition in the Valence Quark Region},
  author = {Zheng, X. and others},
  collaboration = {Jefferson Lab Hall A Collaboration},
  journal = {Phys. Rev. Lett.},
  volume = {92},
  issue = {1},
  pages = {012004},
  numpages = {5},
  year = {2004},
  month = {Jan},
  publisher = {American Physical Society},
  doi = {10.1103/PhysRevLett.92.012004},
  url = {http://link.aps.org/doi/10.1103/PhysRevLett.92.012004}
}


@article{E06010_ALT_PRL,
      author         = "Huang, J. and others",
      collaboration  = "Jefferson Lab Hall A Collaboration",
      journal        = "Phys.Rev.Lett.",
      volume         = "108",
      pages          = "052001",
      doi            = "10.1103/PhysRevLett.108.052001",
      year           = "2012",
      eprint         = "1108.0489",
      archivePrefix  = "arXiv",
      primaryClass   = "nucl-ex",
      reportNumber   = "JLAB-PHY-11-1359",
      SLACcitation   = "%%CITATION = ARXIV:1108.0489;%%",
}

@article{GEN_PRL,
      author         = "Riordan, S. and Abrahamyan, S. and Craver, B. and
                        Kelleher, A. and Kolarkar, A. and others",
      title          = "{Measurements of the Electric Form Factor of the Neutron
                        up to $Q^2=3.4 GeV^2$ using the Reaction
                        $^3He^{-&gt;}(e^{-&gt;},e'n)pp$}",
      journal        = "Phys.Rev.Lett.",
      volume         = "105",
      pages          = "262302",
      doi            = "10.1103/PhysRevLett.105.262302",
      year           = "2010",
      eprint         = "1008.1738",
      archivePrefix  = "arXiv",
      primaryClass   = "nucl-ex",
      reportNumber   = "JLAB-PHY-10-1201",
      SLACcitation   = "%%CITATION = ARXIV:1008.1738;%%",
}

@article{Sauli_GEM,
title = "GEM: A new concept for electron amplification in gas detectors ",
journal = "Nuclear Instruments and Methods in Physics Research Section A: Accelerators, Spectrometers, Detectors and Associated Equipment ",
volume = "386",
number = "2â3",
pages = "531 - 534",
year = "1997",
note = "",
issn = "0168-9002",
doi = "http://dx.doi.org/10.1016/S0168-9002(96)01172-2",
url = "http://www.sciencedirect.com/science/article/pii/S0168900296011722",
author = "F. Sauli"
}

@article{GEM_test_1999,
title = "Beam tests of the gas electron multiplier ",
journal = "Nuclear Instruments and Methods in Physics Research Section A: Accelerators, Spectrometers, Detectors and Associated Equipment ",
volume = "425",
number = "1â2",
pages = "262 - 276",
year = "1999",
note = "",
issn = "0168-9002",
doi = "http://dx.doi.org/10.1016/S0168-9002(98)01406-5",
url = "http://www.sciencedirect.com/science/article/pii/S0168900298014065",
author = "A Bressan and J.C LabbÃ© and P Pagano and L Ropelewski and F Sauli"
}

@article{GEP3,
      author         = "Puckett, A.J.R. and Brash, E.J. and Jones, M.K. and Luo,
                        W. and Meziane, M. and others",
      title          = "{Recoil Polarization Measurements of the Proton
                        Electromagnetic Form Factor Ratio to Q^2 = 8.5 GeV^2}",
      journal        = "Phys.Rev.Lett.",
      volume         = "104",
      pages          = "242301",
      doi            = "10.1103/PhysRevLett.104.242301",
      year           = "2010",
      eprint         = "1005.3419",
      archivePrefix  = "arXiv",
      primaryClass   = "nucl-ex",
      reportNumber   = "JLAB-PHY-10-1155",
      SLACcitation   = "%%CITATION = ARXIV:1005.3419;%%",
}

@article{GEP2G,
      author         = "Meziane, M. and others",
      title          = "{Search for effects beyond the Born approximation in
                        polarization transfer observables in $\vec{e}p$ elastic
                        scattering}",
      collaboration  = "GEp2gamma Collaboration",
      journal        = "Phys.Rev.Lett.",
      volume         = "106",
      pages          = "132501",
      doi            = "10.1103/PhysRevLett.106.132501",
      year           = "2011",
      eprint         = "1012.0339",
      archivePrefix  = "arXiv",
      primaryClass   = "nucl-ex",
      reportNumber   = "JLAB-PHY-10-1280",
      SLACcitation   = "%%CITATION = ARXIV:1012.0339;%%",
}

@article{GEP2_longpaper,
      author         = "Puckett, A.J.R. and Brash, E.J. and Gayou, O. and Jones,
                        M.K. and Pentchev, L. and others",
      title          = "{Final Analysis of Proton Form Factor Ratio Data at
                        $\mathbf{Q^2 = 4.0}$, 4.8 and 5.6 GeV$\mathbf{^2}$}",
      journal        = "Phys.Rev.",
      volume         = "C85",
      pages          = "045203",
      doi            = "10.1103/PhysRevC.85.045203",
      year           = "2012",
      eprint         = "1102.5737",
      archivePrefix  = "arXiv",
      primaryClass   = "nucl-ex",
      reportNumber   = "JLAB-PHY-11-1318",
      SLACcitation   = "%%CITATION = ARXIV:1102.5737;%%",
}

@article{GEP2_PRL,
      author         = "Gayou, O. and others",
      title          = "{Measurement of G(Ep) / G(Mp) in polarized-e p ---&gt; e
                        polarized-p to Q**2 = 5.6-GeV**2}",
      collaboration  = "Jefferson Lab Hall A Collaboration",
      journal        = "Phys.Rev.Lett.",
      volume         = "88",
      pages          = "092301",
      doi            = "10.1103/PhysRevLett.88.092301",
      year           = "2002",
      eprint         = "nucl-ex/0111010",
      archivePrefix  = "arXiv",
      primaryClass   = "nucl-ex",
      reportNumber   = "JLAB-PHY-01-63",
      SLACcitation   = "%%CITATION = NUCL-EX/0111010;%%",
}

@article{GEP1_long,
      author         = "Punjabi, V. and Perdrisat, C.F. and Aniol, K.A. and
                        Baker, F.T. and Berthot, J. and others",
      title          = "{Proton elastic form-factor ratios to Q**2 = 3.5-GeV**2
                        by polarization transfer}",
      journal        = "Phys.Rev.",
      volume         = "C71",
      pages          = "055202",
      doi            = "10.1103/PhysRevC.71.055202, 10.1103/PhysRevC.71.069902",
      year           = "2005",
      eprint         = "nucl-ex/0501018",
      archivePrefix  = "arXiv",
      primaryClass   = "nucl-ex",
      reportNumber   = "JLAB-PHY-05-292",
      SLACcitation   = "%%CITATION = NUCL-EX/0501018;%%",
}

@article{GEP1,
      author         = "Jones, M.K. and others",
      title          = "{G(E(p)) / G(M(p)) ratio by polarization transfer in
                        polarized e p ---&gt; e polarized p}",
      collaboration  = "Jefferson Lab Hall A Collaboration",
      journal        = "Phys.Rev.Lett.",
      volume         = "84",
      pages          = "1398-1402",
      doi            = "10.1103/PhysRevLett.84.1398",
      year           = "2000",
      eprint         = "nucl-ex/9910005",
      archivePrefix  = "arXiv",
      primaryClass   = "nucl-ex",
      reportNumber   = "JLAB-PHY-00-71",
      SLACcitation   = "%%CITATION = NUCL-EX/9910005;%%",
}

@article{Helium3_target,
      author         = "Dolph, P.A.M. and Singh, J. and Averett, T. and Kelleher,
                        A. and Mooney, K.E. and others",
      title          = "{Gas dynamics in high-luminosity polarized He-3 targets
                        using diffusion and convection}",
      journal        = "Phys.Rev.",
      volume         = "C84",
      pages          = "065201",
      doi            = "10.1103/PhysRevC.84.065201",
      year           = "2011",
      eprint         = "1107.1902",
      archivePrefix  = "arXiv",
      primaryClass   = "physics.ins-det",
      reportNumber   = "JLAB-PHY-11-1472",
      SLACcitation   = "%%CITATION = ARXIV:1107.1902;%%",
}

@article{HallANIM,
      author         = "Alcorn, J. and Anderson, B.D. and Aniol, K.A. and Annand,
                        J.R.M. and Auerbach, L. and others",
      title          = "{Basic Instrumentation for Hall A at Jefferson Lab}",
      journal        = "Nucl.Instrum.Meth.",
      volume         = "A522",
      pages          = "294-346",
      doi            = "10.1016/j.nima.2003.11.415",
      year           = "2004",
      reportNumber   = "JLAB-PHY-03-129",
      SLACcitation   = "%%CITATION = NUIMA,A522,294;%%",
}

@article{HCAL1,
year={2006},
issn={0020-4412},
journal={Instruments and Experimental Techniques},
volume={49},
number={1},
doi={10.1134/S0020441206010040},
title={A calorimeter for detecting hadrons with energies of 10â100 GeV},
url={http://dx.doi.org/10.1134/S0020441206010040},
publisher={Nauka/Interperiodica},
keywords={29.30-h; 29.40.Mc; 29.40.Vj},
author={Vlasov, N.V. and others},
pages={41-55},
language={English}
}

@article{GEANT42003,
title = "Geant4âa simulation toolkit ",
journal = "Nuclear Instruments and Methods in Physics Research Section A: Accelerators, Spectrometers, Detectors and Associated Equipment ",
volume = "506",
number = "3",
pages = "250 - 303",
year = "2003",
note = "",
issn = "0168-9002",
doi = "http://dx.doi.org/10.1016/S0168-9002(03)01368-8",
url = "http://www.sciencedirect.com/science/article/pii/S0168900203013688",
author = "S. Agostinelli and others",
keywords = "Simulation",
keywords = "Particle interactions",
keywords = "Geometrical modelling",
keywords = "Software engineering",
keywords = "Object-oriented technology",
keywords = "Distributed software development "
}

@article{Cloet:2013jya,
      author         = "Cloet, Ian C. and Roberts, Craig D.",
      title          = "{Explanation and Prediction of Observables using
                        Continuum Strong QCD}",
      year           = "2013",
      eprint         = "1310.2651",
      archivePrefix  = "arXiv",
      primaryClass   = "nucl-th",
      SLACcitation   = "%%CITATION = ARXIV:1310.2651;%%",
}



@article{Cloet:2012cy,
      author         = "Cloet, Ian C. and Miller, Gerald A.",
      title          = "{Nucleon form factors and spin content in a quark-diquark
                        model with a pion cloud}",
      journal        = "Phys.Rev.",
      volume         = "C86",
      pages          = "015208",
      doi            = "10.1103/PhysRevC.86.015208",
      year           = "2012",
      eprint         = "1204.4422",
      archivePrefix  = "arXiv",
      primaryClass   = "nucl-th",
      reportNumber   = "NT-UW-12-07, NT@UW-12-07",
      SLACcitation   = "%%CITATION = ARXIV:1204.4422;%%",
}

@unpublished{GMP12,
author={Gilad, S. and Moffit, B. and Wojtsekhowski, B. and Arrington, J. and others},
title={{Precision Measurement of the Proton Elastic Cross Section at High $Q^2$}},
note={\url{http://www.jlab.org/exp_prog/proposals/07/PR12-07-108.pdf}},
year=2007
}

@unpublished{CLAS12_HDICE_SIDIS,
author={Avakian, H. and Aghasyan, M. and Joo, K. and Contalbrigo, M. and others},
title={{Transverse spin effects in SIDIS at 11 GeV with a transversely polarized target using the CLAS12 Detector}},
note={\url{http://www.jlab.org/exp_prog/proposals/11/PR12-11-111.pdf}},
year=2011
}

@unpublished{SOLID_SIDIS_TRANS_3He,
author={Gao, H. and Qian, X. and Chen, J. P. and Jiang, X. and others},
title={{Target Single Spin Asymmetry in Semi-Inclusive Deep-Inelastic $(e, eâ²\pi^{\pm})$ Reaction on a Transversely Polarized $^3$He Target at 8.8 and 11 GeV}},
note={\url{http://www.jlab.org/exp_prog/proposals/10/PR12-10-006.pdf}},
year=2010
}

@unpublished{SOLID_SIDIS_TRANS_proton,
author={Gao, H. and Allada, K. and Chen, J. P. and Meziani, Z. E. and others},
title={{Target Single Spin Asymmetry in Semi-Inclusive Deep-Inelastic $(e, eâ²\pi^{\pm})$ Reaction on a Transversely Polarized Proton Target}},
note={\url{http://www.jlab.org/exp_prog/proposals/11/PR12-11-108.pdf}},
year=2011
}

@article{Helium3article,
  title = {Gas dynamics in high-luminosity polarized <span class="aps-inline-formula"><math><msup><mrow></mrow><mn>3</mn></msup></math></span>He targets using diffusion and convection},
  author = {Dolph, P. A. M. and Singh, J. and Averett, T. and Kelleher, A. and Mooney, K. E. and Nelyubin, V. and Tobias, W. A. and Wojtsekhowski, B. and Cates, G. D.},
  journal = {Phys. Rev. C},
  volume = {84},
  issue = {6},
  pages = {065201},
  numpages = {13},
  year = {2011},
  month = {Dec},
  publisher = {American Physical Society},
  doi = {10.1103/PhysRevC.84.065201},
  url = {http://link.aps.org/doi/10.1103/PhysRevC.84.065201}
}

@article{HERMES_RICH_long_NIM,
author = "N Akopov and others",
title = "The \{HERMES\} dual-radiator ring imaging Cherenkov detector ",
journal = "Nuclear Instruments and Methods in Physics Research Section A: Accelerators, Spectrometers, Detectors and Associated Equipment ",
volume = "479",
number = "2â3",
pages = "511 - 530",
year = "2002",
note = "",
issn = "0168-9002",
doi = "http://dx.doi.org/10.1016/S0168-9002(01)00932-9",
url = "http://www.sciencedirect.com/science/article/pii/S0168900201009329",
}

@article{HERMES_RICH_longterm_NIM,
title = "Long-term operational experience with the \{HERMES\} aerogel \{RICH\} detector ",
journal = "Nuclear Instruments and Methods in Physics Research Section A: Accelerators, Spectrometers, Detectors and Associated Equipment ",
volume = "595",
number = "1",
pages = "19 - 22",
year = "2008",
note = "\{RICH\} 2007 Proceedings of the Sixth International Workshop on Ring Imaging Cherenkov Detectors ",
issn = "0168-9002",
doi = "http://dx.doi.org/10.1016/j.nima.2008.07.038",
url = "http://www.sciencedirect.com/science/article/pii/S0168900208009315",
author = "Raffaele De Leo",
keywords = "\{RICH\}",
keywords = "Aerogel",
keywords = "Particle identification "
}

@article{AerogelOpticalMeasurements,
title = "Optical characterization of n=1.03 silica aerogel used as radiator in the \{RICH\} of \{HERMES\} ",
journal = "Nuclear Instruments and Methods in Physics Research Section A: Accelerators, Spectrometers, Detectors and Associated Equipment ",
volume = "440",
number = "2",
pages = "338 - 347",
year = "2000",
note = "",
issn = "0168-9002",
doi = "http://dx.doi.org/10.1016/S0168-9002(99)00923-7",
url = "http://www.sciencedirect.com/science/article/pii/S0168900299009237",
author = "E Aschenauer and others",
keywords = "\{RICH\}",
keywords = "Aerogel",
keywords = "Optical properties "
}

@article{HERMES_Aerogel_paper,
title = "The \{HERMES\} \{RICH\} aerogel radiator ",
journal = "Nuclear Instruments and Methods in Physics Research Section A: Accelerators, Spectrometers, Detectors and Associated Equipment ",
volume = "502",
number = "1",
pages = "222 - 226",
year = "2003",
note = "Experimental Techniques of Cherenkov Light Imaging. Proceedings of the Fourth International Workshop on Ring Imaging Cherenkov Detectors ",
issn = "0168-9002",
doi = "http://dx.doi.org/10.1016/S0168-9002(03)00277-8",
url = "http://www.sciencedirect.com/science/article/pii/S0168900203002778",
author = "Y. Miyachi",
keywords = "\{HERMES\}",
keywords = "\{RICH\}",
keywords = "Aerogel "
}

@article{C4F8O,
title = "Performance of a gas radiator ring imaging Cherenkov detector using multi-anode photomultiplier tubes ",
journal = "Nuclear Instruments and Methods in Physics Research Section A: Accelerators, Spectrometers, Detectors and Associated Equipment ",
volume = "558",
number = "2",
pages = "373 - 387",
year = "2006",
note = "",
issn = "0168-9002",
doi = "http://dx.doi.org/10.1016/j.nima.2005.11.221",
url = "http://www.sciencedirect.com/science/article/pii/S016890020502320X",
author = "M. Artuso and others",
keywords = "Cherenkov",
keywords = "Particle identification",
keywords = "Ring imaging",
keywords = "Refractive index "
}

@article{C4F8O_1,
author = "Tomasz Skwarnicki",
title = "Beam test of a -MAPMT \{RICH\} prototype ",
journal = "Nuclear Instruments and Methods in Physics Research Section A: Accelerators, Spectrometers, Detectors and Associated Equipment ",
volume = "553",
number = "1â2",
pages = "339 - 344",
year = "2005",
note = "Proceedings of the fifth International Workshop on Ring Imaging Detectors Fifth International Workshop on Ring Imaging Detectors ",
issn = "0168-9002",
doi = "http://dx.doi.org/10.1016/j.nima.2005.08.070",
url = "http://www.sciencedirect.com/science/article/pii/S0168900205016219"
}

@article{BesselWeightedAsymmetriesSIDIS,
      author         = "Boer, Daniel and Gamberg, Leonard and Musch, Bernhard and
                        Prokudin, Alexei",
      title          = "{Bessel-Weighted Asymmetries in Semi Inclusive Deep
                        Inelastic Scattering}",
      journal        = "JHEP",
      volume         = "1110",
      pages          = "021",
      doi            = "10.1007/JHEP10(2011)021",
      year           = "2011",
      eprint         = "1107.5294",
      archivePrefix  = "arXiv",
      primaryClass   = "hep-ph",
      reportNumber   = "JLAB-THY-11-1327",
      SLACcitation   = "%%CITATION = ARXIV:1107.5294;%%",
}

@article{CTEQ6,
      author         = "Tung, W.K. and Lai, H.L. and Belyaev, A. and Pumplin, J.
                        and Stump, D. and others",
      title          = "{Heavy Quark Mass Effects in Deep Inelastic Scattering
                        and Global QCD Analysis}",
      journal        = "JHEP",
      volume         = "0702",
      pages          = "053",
      doi            = "10.1088/1126-6708/2007/02/053",
      year           = "2007",
      eprint         = "hep-ph/0611254",
      archivePrefix  = "arXiv",
      primaryClass   = "hep-ph",
      reportNumber   = "MSU-HEP-0605",
      SLACcitation   = "%%CITATION = HEP-PH/0611254;%%",
}

%%%%%%%%%%%%%%%%%%%%%%%%%%%%%%%%%%%%%%%%%% main.bib starts here %%%%%%%%%%%%%%%%%%%%%%%%%%%%%%%%%%%%%%%%%%%%%%%%%%%%%%%%%%
@preamble{ "\newcommand{\noopsort}[1]{} "
	# "\newcommand{\printfirst}[2]{#1} "
	# "\newcommand{\singleletter}[1]{#1} "
	# "\newcommand{\switchargs}[2]{#2#1} " }

@article{Stern1933,
author={Stern, O.},
journal={Nature},
volume=132,
year=1933,
pages=169
}

@article{BlochAlvarez1940,
author={Bloch, F. and Alvarez, L. W.},
title={A quantitative determination of the neutron moment in absolute nuclear magnetons},
journal={Phys. Rev.},
volume=57,
year=1940,
pages=111
}

@article{Rutherford1911,
author={Rutherford, E.},
title={The Scattering of $\alpha$ and $\beta$ Particles by Matter and the Structure of the Atom},
journal={Philosophical Magazine},
volume=21,
year=1911,
pages=669
}

@article{GeigerMarsden1909,
author={Geiger, H. and Marsden, E.},
title={On a Diffuse Reflection of the $\alpha$ Particles},
journal={Proc. Royal Society of London, Series A},
volume=82,
year=1909,
pages=495
}

@article{DuttaLongPaper,
author={Dutta, D. and others},
journal={Phys. Rev. C},
volume=68,
pages=064603,
year=2003
}

@article{HornLongPaper,
author={Blok, H. P. and others},
journal={Phys. Rev. C},
volume=78,
pages=045202,
year=2008
}


@article{GeigerMarsden1913,
author={Geiger, H. and Marsden, E.},
title={The Laws of Deflexion of $\alpha$ Particles through Large Angles},
journal={Philosophical Magazine},
volume=25,
series=6,
year=1913,
number=148
}

@article{Rosenbluth1950,
author={Rosenbluth, M. N.},
title={High Energy Elastic Scattering of Electrons on Protons},
journal={Phys. Rev.},
volume=79,
number=4,
pages=615,
year=1950
}

@article{Hof55,
author={Hofstadter, Robert and McAllister, Robert},
title={Electron {S}cattering from the {P}roton},
journal={Phys. Rev.},
volume=98,
year=1955,
pages=217
}

@article{Hof56,
author={Hofstadter, Robert and McAllister, Robert},
title={Elastic {S}cattering of 188-{M}e{V} {E}lectrons from the {P}roton and the {A}lpha {P}article},
journal={Phys. Rev.},
volume=102,
year=1956,
pages=851
}

@article{HofRev56,
author={Hofstadter, Robert},
title={Electron {S}cattering and {N}uclear {S}tructure},
journal={Rev. Mod. Phys.},
volume=28,
number=3,
year=1956,
pages=214
}

@Article{PerdrisatPunjabiVanderhaegen2007,
     author    = "Perdrisat, C. F. and Punjabi, V. and Vanderhaeghen, M.",
     title     = "{Nucleon electromagnetic form factors}",
     journal   = "Prog. Part. Nucl. Phys.",
     volume    = "59",
     year      = "2007",
     pages     = "694-764",
     doi       = "10.1016/j.ppnp.2007.05.001",
     SLACcitation  = "%%CITATION = HEP-PH/0612014;%%"
}

@article{PDG2008,
author={Amsler, C. and others},
title={({P}article {D}ata {G}roup) 2008 {R}eview of {P}article {P}hysics},
journal={Phys. Lett. B},
volume=667,
pages=1,
year=2008
}

@book{Walecka2004,
author={Walecka, John D.},
title={Theoretical Nucl. and Subnuclear Phys.},
publisher={Imperial College Press and World Scientific Publishing Co. Pte. Ltd.},
edition={Second},
year=2004
}

@book{QandL,
author={Halzen, Francis and Martin, Alan D.},
title={Quarks and Leptons: An Introductory Course in Modern Particle Phys.},
publisher={John Wiley and Sons},
year=1984
}

@book{Leo,
author={Leo, W. R.},
title={Techniques for Nucl. and Particle Phys. Experiments},
publisher={Springer-Verlag},
year=1987
}

@book{StructNucleon,
author={Thomas, Anthony W. and Weise, Wolfram},
title={The Structure of the Nucleon},
publisher={WILEY-VCH},
year=2001
}

@book{PeskinSchroeder,
author={Peskin, Michael E. and Schroeder, Daniel V.},
title={An Introduction to Quantum Field Theory},
publisher={Westview Press},
year=1995,
pages=186
}

@Article{ArnoldCarlsonGross,
     author    = "Arnold, R. G. and Carlson, Carl E. and Gross, Franz",
     title     = "{Polarization Transfer in Elastic electron Scattering from
                  Nucleons and Deuterons}",
     journal   = "Phys. Rev. C",
     volume    = "23",
     year      = "1981",
     pages     = "363",
     doi       = "10.1103/PhysRevC.23.363",
     SLACcitation  = "%%CITATION = PHRVA,C23,363;%%"
}

@article{AkhiezerRekalo1,
author={Akhiezer, A. I. and Rekalo, M. P.},
title={Polarization Phenomena in Electron Scattering by Protons in the High-Energy Region},
journal={Dokl. Akad. Nauk Ser. Fiz.},
volume=180,
number=5,
pages=1081,
year=1968
}

@article{AkhiezerRekalo3,
author={Akhiezer, A. I. and Rekalo, M. P.},
title={Polarization Phenomena in Electron Scattering by Protons in the High-Energy Region},
journal={Sov. Phys. Dokl.},
volume=13,
pages=572,
year=1968
}

@article{AkhiezerRekalo2,
author={Akhiezer, A. I. and Rekalo, M. P.},
title={Polarization effects in the scattering of leptons by hadrons},
journal={Sov. J. Part. Nucl.},
volume=3,
pages=277,
year=1974
}


@article{Dombey1969,
author={Dombey, Norman},
title={Scattering of Polarized Leptons at High Energy},
journal={Rev. Mod. Phys.},
volume=41,
number=1,
pages=236,
year=1969
}

@article{DonnellyRaskin86,
author={Donnelly, T. W. and Raskin, A. S.},
title={Considerations of Polarization in Inclusive electron scattering from nuclei},
journal={Annals of Phys.},
volume=169,
pages=247,
year=1986
}

@article{Andi94,
author={Andivahis, L. and others},
title={Measurements of the electric and magnetic form factors of the proton from {$Q^2 = 1.75$ to $8.83\ (GeV/c)^2$}},
journal={Phys. Rev. {D}},
volume=50,
number=9,
pages=5491,
year=1994
}

@article{Anklin94,
author={Anklin, H. and others},
title={Precision measurement of the neutron magnetic form factor},
journal={Phys. Lett. B},
volume=336,
pages=313,
year=1994
}

@article{Anklin98,
author={Anklin, H. and others},
title={Precise measurements of the neutron magnetic form factor},
journal={Phys. Lett. B},
volume=428,
pages=248,
year=1998
}

@article{Bartel73,
author={Bartel, W. and others},
title={Measurement of proton and neutron electromagnetic form factors at squared four-momentum transfers up to 3 {$(GeV/c)^2$}},
journal={Nucl. Phys. B},
volume=58,
pages=429,
year=1973
}

@article{Berger71,
author={Berger, Ch. and others},
title={Electromagnetic form factors of the proton at squared four-momentum transfers between 10 and 50 fm$^{-2}$},
journal={Phys. Lett. B},
volume=35,
number=1,
pages=87,
year=1971
}

@article{Bermuth03,
author={Bermuth, J. and others},
title={The neutron charge form factor and target analyzing powers from {$^3\vec{He}(\vec{e},e'n)$} scattering},
journal={Phys. Lett. B},
volume=564,
pages=199,
year=2003
}

@article{Bork75,
author={Borkowski, F. and others},
title={Electromagnetic form factors of the proton at low four-momentum transfer ({II})},
journal={Nucl. Phys. B},
volume=93,
pages=461,
year=1975
}

@article{Lachniet,
  title = {Precise Measurement of the Neutron Magnetic Form Factor ${G}_{M}^{n}$ in the Few-${\mathrm{GeV}}^{2}$ Region},
  month = {May},
  journal = {Phys. Rev. Lett.},
  doi = {10.1103/PhysRevLett.102.192001},
  author = {Lachniet, J. and others},
  year = {2009},
  issue = {19},
  url = {http://link.aps.org/doi/10.1103/PhysRevLett.102.192001},
  numpages = {6},
  collaboration = {CLAS Collaboration},
  publisher = {American Physical Society},
  pages = {192001},
  volume = {102}
}

@article{CD200850,
title = "Hadron properties and DysonâSchwinger equations",
journal = "Progress in Particle and Nuclear Physics",
volume = "61",
number = "1",
pages = "50 - 65",
year = "2008",
doi = "10.1016/j.ppnp.2007.12.034",
url = "http://www.sciencedirect.com/science/article/pii/S0146641007001111",
author = "C. D. Roberts",
keywords = "BetheâSalpeter equations",
keywords = "Confinement",
keywords = "Dynamical chiral symmetry breaking",
keywords = "DysonâSchwinger equations",
keywords = "Covariant Faddeev equation",
keywords = "Meson spectroscopy",
keywords = "Nucleon form factors",
keywords = "Hadron physics"
}

@article{FlavorDecomposition,
  title = {Flavor Decomposition of the Elastic Nucleon Electromagnetic Form Factors},
  month = {Jun},
  journal = {Phys. Rev. Lett.},
  doi = {10.1103/PhysRevLett.106.252003},
  author = {Cates, G. D. and de Jager, C. W. and Riordan, S. and Wojtsekhowski, B.},
  year = {2011},
  issue = {25},
  url = {http://link.aps.org/doi/10.1103/PhysRevLett.106.252003},
  numpages = {4},
  publisher = {American Physical Society},
  pages = {252003},
  volume = {106}
}

@article{Riordan,
  title = {Measurements of the Electric Form Factor of the Neutron up to ${Q}^{2}=3.4\text{\,}\text{\,}{\mathrm{GeV}}^{2}$ Using the Reaction ${}^{3}\stackrel{$\rightarrow${}}{\mathrm{He}}(\stackrel{$\rightarrow${}}{e},{e}^{$'${}}n)pp$},
  month = {Dec},
  journal = {Phys. Rev. Lett.},
  doi = {10.1103/PhysRevLett.105.262302},
  author = {Riordan, S. and others},
  year = {2010},
  issue = {26},
  url = {http://link.aps.org/doi/10.1103/PhysRevLett.105.262302},
  numpages = {5},
  publisher = {American Physical Society},
  pages = {262302},
  volume = {105}
}

@article{Brooks06,
author={Brooks, W. K. and Lachniet, J. D.},
title={{(for the CLAS Collaboration)} {P}recise determination of the neutron magnetic form factor to higher {$Q^2$}},
journal={Nucl. Phys. A},
volume=755,
pages=261,
year=2005
}

@article{Bruins95,
author={Bruins, E. E. W. and others},
title={Measurement of the neutron magnetic form factor},
journal={Phys. Rev. Lett.},
volume=75,
number=1,
pages=21,
year=1995
}

@article{Christy04,
author={Christy, M. E. and others},
title={Measurements of electron-proton elastic cross sections for {$0.4<Q^2<5.5\ (GeV/c)^2$}},
journal={Phys. Rev. C},
volume=70,
pages=015206,
year=2004
}

@article{Crawford07,
author={Crawford, C. and others},
title={Measurement of the proton's electric to magnetic form factor ratio from {$^1\vec{H}(\vec{e},e'p)$}},
journal={Phys. Rev. Lett.},
volume=98,
pages=052301,
year=2007
}

@article{Eden94,
author={Eden, T. and others},
title={Electric form factor of the neutron from the {$^2H(\vec{e},e'\vec{n})^1H$} reaction at {$Q^2=0.255\ (GeV/c)^2$}},
journal={Phys. Rev. C},
volume=50,
number=4,
pages=1749,
year=1994
}

@article{Gao94,
author={Gao, H. and others},
title={Measurement of the neutron magnetic form factor from inclusive quasielastic scattering of polarized electrons from polarized {$^3He$}},
journal={Phys. Rev. C},
volume=50,
number=2,
pages=546,
year=1994
}

@Article{Gayou02,
     author    = "Gayou, O. and others",
     title     = "{Measurement of G(E(p))/G(M(p)) in e(pol.) p --> e p(pol.)
                  to Q**2 =  5.6-GeV**2}",
     journal   = "Phys. Rev. Lett.",
     volume    = "88",
     year      = "2002",
     pages     = "092301",
     doi       = "10.1103/PhysRevLett.88.092301",
     SLACcitation  = "%%CITATION = NUCL-EX/0111010;%%"
}

@Article{PuckettPRL10,
     author    = "Puckett, A. J. R. and others",
     title     = "{Recoil Polarization Measurements of the Proton
                  Electromagnetic Form Factor Ratio to Q^2 = 8.5 GeV^2}",
     journal   = "Phys. Rev. Lett.",
     volume    = "104",
     year      = "2010",
     pages     = "242301",
     doi       = "10.1103/PhysRevLett.104.242301",
     SLACcitation  = "%%CITATION = 1005.3419;%%"
}

@article{Geis08,
author={Geis, E. and others},
title={Charge form factor of the neutron at low momentum transfer from the {$^2\vec{H}(\vec{e},e'n)^1H$} reaction},
journal={Phys. Rev. Lett.},
volume=101,
pages=042501,
year=2008
}

@article{Glazier05,
author={Glazier, G. I. and others},
title={Measurement of the electric form factor of the neutron at {$Q^2=0.3$-$0.8\ (GeV/c)^2$}},
journal={The European Physical Journal A},
volume=24,
pages=101,
year=2005
}

@article{Herberg99,
author={Herberg, C. and others},
title={Determination of the neutron electric form factor in the {$D(e,e'n)p$} reaction and the influence of nuclear binding},
journal={The European Physical Journal A},
volume=5,
pages=131,
year=1999
}

@article{Janssens66,
author={Janssens, T. and others},
title={Proton form factors from elastic electron-proton scattering},
journal={Phys. Rev.},
volume=142,
number=4,
pages=922,
year=1966
}

@Article{Jones00,
     author    = "Jones, M. K. and others",
     title     = "{G(E(p))/G(M(p)) ratio by polarization transfer in  e(pol.)
                  p --> e p(pol.)}",
     journal   = "Phys. Rev. Lett.",
     volume    = "84",
     year      = "2000",
     pages     = "1398-1402",
     doi       = "10.1103/PhysRevLett.84.1398",
     SLACcitation  = "%%CITATION = NUCL-EX/9910005;%%"
}

@article{Jones06,
author={Jones, M. K. and others},
title={Proton {$G_E/G_M$} from beam-target asymmetry},
journal={Phys. Rev. C},
volume=74,
pages=035201,
year=2006
}

@article{JLab07,
author={Jefferson {L}ab {E}95-001 {C}ollaboration},
title={Extraction of the neutron magnetic form factor from quasielastic {$^3\vec{He}(\vec{e},e')$} at {$Q^2=0.1$-$0.6\ (GeV/c)^2$}},
journal={Phys. Rev. C},
volume=75,
pages=034003,
year=2007
}

@article{Kubon02,
author={Kubon, G. and others},
title={Precise neutron magnetic form factors},
journal={Phys. Lett. B},
volume=524,
pages=26,
year=2002
}

@article{Lung93,
author={Lung, A. and others},
title={Measurements of the electric and magnetic form factors of the neutron from {$Q^2=1.75$} to {$4.00\ (GeV/c)^2$}},
journal={Phys. Rev. Lett.},
volume=70,
number=6,
pages=718,
year=1993
}

@article{Markowitz93,
author={Markowitz, P. and others},
title={Measurement of the magnetic form factor of the neutron},
journal={Phys. Rev. C},
volume=48,
number=1,
pages=5,
year=1993
}

@article{Maclachlan06,
author={Maclachlan, G. and others},
title={The ratio of proton electromagnetic form factors via recoil polarimetry at {$Q^2=1.13\ (GeV/c)^2$}},
journal={Nucl. Phys. A},
volume=764,
pages=261,
year=2006
}

@article{Meyerhoff93,
author={Meyerhoff, M. and others},
title={First measurement of the electric form factor of the neutron in the exclusive quasielastic scattering of polarized electrons from polarized {$^3He$}},
journal={Phys. Lett. B},
volume=327,
pages=201,
year=1994
}

@article{Milbrath98,
author={Milbrath, B. D. and others},
title={Comparison of polarization observables in electron scattering from the proton and deuteron},
journal={Phys. Rev. Lett.},
volume=80,
number=3,
pages=452,
year=1998
}

@article{Ostrick99,
author={Ostrick, M. and others},
title={Measurement of the neutron electric form factor {$G_E^n$} in the quasifree {$^2H(\vec{e},e'\vec{n})p$} reaction},
journal={Phys. Rev. Lett.},
volume=83,
number=2,
pages=276,
year=1999
}

@article{Passchier99,
author={Passchier, I. and others},
title={Charge form factor of the neutron from the reaction {$^2\vec{H}(\vec{e},e'n)p$}},
journal={Phys. Rev. Lett.},
volume=82,
number=25,
pages=4988,
year=1999
}

@article{Plaster06,
author={Plaster, B. and others},
title={Measurements of the neutron electric to magnetic form factor ratio {$G_E^n/G_M^n$} via the {$^2H(\vec{e},e'\vec{n})^1H$} reaction to {$Q^2=1.45\ (GeV/c)^2$}},
journal={Phys. Rev. C},
volume=73,
pages=025205,
year=2006
}

@article{Platchkov90,
author={Platchkov, S. and others},
title={The deuteron {$A(Q^2)$} structure function and the neutron electric form factor},
journal={Nucl. Phys. A},
volume=510,
pages=740,
year=1990
}

@article{Price71,
author={Price, L. E. and others},
title={Backward-angle electron-proton elastic scattering and proton electromagnetic form factors},
journal={Phys. Rev. D},
volume=4,
number=1,
pages=45,
year=1971
}

@Article{Punjabi05,
     author    = "Punjabi, V. and others",
     title     = "{Proton elastic form factor ratios to Q**2 = 3.5-GeV**2 by
                  polarization  transfer}",
     journal   = "Phys. Rev. C",
     volume    = "71",
     year      = "2005",
     pages     = "055202",
     doi       = "10.1103/PhysRevC.71.055202",
     SLACcitation  = "%%CITATION = NUCL-EX/0501018;%%"
}

%\cite{Punjabi:2005wq}
%\bibitem{Punjabi:2005wq}
%  V.~Punjabi {\it et al.},
%``Proton elastic form factor ratios to Q**2 = 3.5-GeV**2 by polarization
%transfer,''
%  Phys.\ Rev.\  C {\bf 71}, 055202 (2005)
%  [Erratum-ibid.\  C {\bf 71}, 069902 (2005)]
%  [arXiv:nucl-ex/0501018].
%%CITATION = PHRVA,C71,055202;%%

@Article{Punjabi05erratum,
  title = {Publisher's Note: Proton elastic form factor ratios to $Q^{2}=3.5GeV^{2}$ by polarization transfer [Phys. Rev. C 71, 055202 (2005)]},
  author = {Punjabi, V.  and others},
  journal = {Phys. Rev. C},
  volume = {71},
  number = {6},
  pages = {069902},
  numpages = {1},
  year = {2005},
  month = {Jun},
  doi = {10.1103/PhysRevC.71.069902},
  publisher = {American Physical Society},
  note = {(erratum)}
}

@article{Qattan05,
author={Qattan, I. A. and others},
title={Precision {R}osenbluth Measurement of the proton elastic form factors},
journal={Phys. Rev. Lett.},
volume=94,
pages=142301,
year=2005
}

@article{Rock82,
author={Rock, S. and others},
title={Measurement of elastic electron-neutron cross sections up to {$Q^2 = 10\ (GeV/c)^2$}},
journal={Phys. Rev. Lett.},
volume=49,
number=16,
pages=1139,
year=1982
}

@article{Rock92,
author={Rock, S. and others},
title={Measurement of elastic electron-neutron scattering and inelastic electron-deuteron scattering cross sections at high momentum transfer},
journal={Phys. Rev. D},
volume=46,
number=1,
pages=24,
year=1992
}

@article{Rohe99,
author={Rohe, D. and others},
title={Measurement of the neutron electric form factor {$G_E^n$} at {$0.67\ (GeV/c)^2$} via {$^3\vec{He}(\vec{e},e'n)$}},
journal={Phys. Rev. Lett.},
volume=83,
number=21,
pages=4257,
year=1999
}

@article{Ron07,
author={Ron, G. and others},
title={Measurements of the proton elastic form factor ratio {$\mu_p G_E^p/G_M^p$} at low momentum transfer},
journal={Phys. Rev. Lett.},
volume=99,
pages=202002,
year=2007
}

@article{Ron11,
  month = {Nov},
  title = {Low-${Q}^{2}$ measurements of the proton form factor ratio ${$\mu${}}_{p}{G}_{E}/{G}_{M}$},
  publisher = {American Physical Society},
  author = {Ron, G. and others},
  year = {2011},
  url = {http://link.aps.org/doi/10.1103/PhysRevC.84.055204},
  pages = {055204},
  volume = {84},
  collaboration = {The Jefferson Lab Hall A Collaboration},
  journal = {Phys. Rev. C},
  numpages = {11},
  doi = {10.1103/PhysRevC.84.055204},
  issue = {5}
}

@article{Sill93,
author={Sill, A. F. and others},
title={Measurements of elastic electron-proton scattering at large momentum transfer},
journal={Phys. Rev. D},
volume=48, 
number=1,
pages=29,
year=1993
}

@article{Simon80,
author={Simon, G. G. and others},
title={Absolute electron-proton cross sections at low momentum transfer measured with a high pressure gas target system},
journal={Nucl. Phys. A},
volume=333,
pages=381,
year=1980
}

@article{Chang:2011tx,
      author         = "Chang, L. and Cloet, I.C. and Roberts, C.D. and Roberts,
                        H.L.L.",
      title          = "{T(r)opical Dyson-Schwinger Equations}",
      journal        = "AIP Conf.Proc.",
      volume         = "1354",
      pages          = "110-117",
      doi            = "10.1063/1.3587594",
      year           = "2011",
      eprint         = "1101.3787",
      archivePrefix  = "arXiv",
      primaryClass   = "nucl-th",
}

@article{Walker94,
author={Walker, R. C. and others},
title={Measurements of the proton elastic form factors for {$1\leq Q^2 \leq 3\ (GeV/c)^2$} at {SLAC}},
journal={Phys. Rev. D},
volume=49,
number=11,
pages=5671,
year=1994
}

@article{Warren04,
author={Warren, G. and others},
title={Measurement of the electric form factor of the neutron at {$Q^2=0.5$} and {$1.0\ GeV^2/c^2$}},
journal={Phys. Rev. Lett.},
volume=92,
number=4,
pages=042301,
year=2004
}

@article{Xu00,
author={Xu, W. and others},
title={Transverse asymmetry {$A_{T'}$} from the quasielastic {$^3\vec{He}(\vec{e},e')$} process and the neutron magnetic form factor},
journal={Phys. Rev. Lett.},
volume=85,
number=14,
pages=2900,
year=2000
}

@article{Xu03,
author={Xu, W. and others},
title={Plane-wave impulse approximation extraction of the neutron magnetic form factor from quasielastic {$^3\vec{He}(\vec{e},e')$} at {$Q^2=0.3$} to {$0.6\ (GeV/c)^2$}},
journal={Phys. Rev. C},
volume=67,
pages=012201,
year=2003
}

@article{Zhan201159,
title = "High-precision measurement of the proton elastic form factor ratio at low",
journal = "Physics Letters B",
volume = "705",
number = "1-2",
pages = "59 - 64",
year = "2011",
note = "",
doi = "10.1016/j.physletb.2011.10.002",
url = "http://www.sciencedirect.com/science/article/pii/S0370269311012342",
author = "X. Zhan and others"
}

@article{Zhu01,
author={Zhu, H. and others},
title={Measurement of the electric form factor of the neutron through {$\vec{d}(\vec{e},e'n)p$} at {$Q^2=0.5\ (GeV/c)^2$}},
journal={Phys. Rev. Lett.},
volume=87,
number=8,
pages=081801,
year=2001
}

@article{FriedrichWalcher03,
author={Friedrich, J. and Walcher, Th.},
title={A coherent interpretation of the form factors of the nucleon in terms of a pion cloud and constituent quarks},
journal={The European Physical Journal A},
volume=17,
pages=607,
year=2003
}

@article{StutzmanPhysToday08,
author={Hernandez-Garcia, C. and O'Shea, P. G. and Stutzman, M. L.},
title={Electron sources for accelerators},
journal={Phys. Today},
month={February},
year=2008,
pages=44
}

@article{LeemannCEBAF,
author={Leeman, C. W. and Douglas, D. R. and Krafft, G. A.},
title={The {C}ontinuous {E}lectron {B}eam {A}ccelerator {F}acility},
subtitle={{CEBAF} at the {J}efferson {L}aboratory},
journal={Annu. Rev. Nucl. Sci.},
volume=51,
pages=413,
year=2001
}

@conference{higinbotham:751,
author = {D. W. Higinbotham},
editor = {Donald G. Crabb and Yelena Prok and Matt Poelker and Simonetta Liuti and Donal B. Day and Xiaochao Zheng},
collaboration = {},
title = {Electron Spin Precession at CEBAF},
publisher = {AIP},
year = {2009},
journal = {SPIN PHYSICS: 18th International Spin Physics Symposium},
volume = {1149},
number = {1},
pages = {751-754},
location = {Charlottesville (Virginia)},
keywords = {polarization; particle accelerators; Wien effect},
url = {http://link.aip.org/link/?APC/1149/751/1},
doi = {10.1063/1.3215753}
}

@unpublished{GueyeHallCBPM,
author={Gueye, Paul},
title={Status of the actual beam position monitors in the {H}all {C} beamline},
month={December},
year=1995,
note="Unpublished internal document"
}



@article{YanSuperHarp,
author={Yan, C. and others},
title={Superharp--A wire scanner with absolute position readout for beam energy measurement at {CEBAF}},
journal={Nucl. Instrum. Methods {A}},
volume=365,
pages=261,
year=1995
}

@unpublished{GNhallcBCM,
author={Niculescu, G.},
title={Resonant cavities used as beam current monitors},
year=1995,
note="Unpublished internal document"
}

@unpublished{CAhallcBCM,
author={Armstrong, C.},
title={Beam Current Measurement in {Hall C}},
month={July},
year=1996,
note="Unpublished internal document"
}

@inproceedings{UnserAIP,
author={Unser, K. B.},
title={The parametric current transformer, a beam current monitor developed for {LEP}},
booktitle={A.I.P. Conf. Proc.},
volume=252,
pages=266,
year=1992
}

@techreport{YanArcEnergy,
author={Yan, C. and Carlini, R. and Neuffer, D.},
title={Beam energy measurement using the arc beam line as a spectrometer},
institution={CEBAF-PR-93-004},
year=1993
}

@article{MollerNIM,
author={Hauger, M. and others},
title={A high-precision polarimeter},
journal={Nucl. Instrum. Methods {A}},
volume=462,
pages=382,
year=2001
}

@article{YanHallCraster,
author={Yan, C. and others},
title={Target Raster System at {CEBAF}},
journal={Nucl. Instrum. Methods A},
volume=365,
pages=46,
year=1995
}

@unpublished{MeekHallCconfig,
author={Meekins, David},
title={Hall {C} Target Configuration},
month= nov,
year=2007,
note={Unpublished internal report}
}

@article{HMSresolution,
author={Tang, L. and Yan, C. and Hungerford, Ed. V.},
title={Systematic Resolution Study of the {CEBAF} {H}all {C} spectrometers - {HMS} and {SOS}},
journal={Nucl. Instrum. Methods A},
volume=366,
pages=259,
year=1995
}

@article{HMSdriftchamber,
author={Baker, O. K. and others},
title={The {H}igh {M}omentum {S}pectrometer drift chambers in {H}all {C} at {CEBAF}},
journal={Nucl. Instrum. Methods {A}},
volume=367,
pages=92,
year=1995
}

@article{SLIenergyspread,
author={Chevtsov, P. and others},
title={Non-invasive energy spread monitoring for the {JLAB} experimental program via synchrotron light interferometers},
journal={Nucl. Instrum. Methods A},
volume=557,
pages=324,
year=2006
}

@unpublished{CMOP,
author={Assamagan, K. A. and Dutta, D. and Welch, P.},
title={Hall {C} matrix element optimization package ({CMOP})},
month=may,
year=1997,
note={Unpublished internal document}
}

@book{NumericalRecipes,
author={Press, W. H. and Flannery, B. P. and Teukolsky, W. T. and Vetterling, W. T.},
title={Numerical Recipes},
publisher={Cambridge University Press},
year=1986
}

@article{COSY,
author={Makino, K. and Berz, M.},
title={{COSY} infinity version 8},
journal={Nucl. Instrum. Methods A},
volume=427,
pages=338,
year=1999
}

@article{Besset,
author={Besset, D. and others},
journal={Nucl. Instrum. Methods},
volume=166,
pages=515,
year=1979
}

@article{Ay_pCarbon,
author={Cheung, N. E. and others},
title={Calibration of the polarimeter {POMME} at proton energies between 1.05 and 2.4 {G}e{V}},
journal={Nucl. Instrum. Methods A},
volume=363,
pages=561,
year=1995
}

@article{Ay_pp,
author={Miller, D. and others},
title={Simultaneous measurement of the spin parameters $P$ and $C_{NN}$ in $pp$ elastic scattering at 2, 3, 4, and 6 {G}e{V}/c},
journal={Phys. Rev. D},
volume=16,
pages=2016,
year=1977
}

@article{Ay_pCH2,
title = "Measurement of analyzing powers for the reaction at",
journal = {Nucl. Instrum. Methods. {A}},
volume = "538",
number = "1â3",
pages = "431 - 441",
year = "2005",
note = "",
doi = "10.1016/j.nima.2004.08.111",
url = "http://www.sciencedirect.com/science/article/pii/S0168900204020078",
author = "L.S. Azhgirey and others",
keywords = "Proton",
keywords = "Deuteron",
keywords = "Polarization",
keywords = "Polarimeter",
keywords = "Analyzing power"
}

@unpublished{IHEP_leadglass,
author={Bland, L. C. and others},
title={Electromagnetic shower profile in lead-glass calorimeter in the energy range of 3-23 {GeV}},
note={IHEP Preprint, Protvino, Russia.},
year=2005
}

@unpublished{TS_manual,
author={{JL}ab {CODA} group},
title={Trigger {S}upervisor {M}anual},
note={Unpublished internal document},
year=1996
}

@inproceedings{TS_proceedings,
author={Jastrzembski, E. and others},
title={The {J}efferson {L}ab trigger supervisor system},
booktitle={Proc. 1999 IEEE Conference on Real-Time Computer Applications in Nucl. Particle and Plasma Phys.. 11th IEEE NPSS Real Time Conference.},
year=1999
}

@inproceedings{CODA_proc,
author={Heyes, G. and others},
title={The {CEBAF} on-line data acquisition system},
booktitle={Proc. of the {CHEP} conference},
month={April},
year=1994
}

@phdthesis{ArringtonThesis,
author={Arrington, John R. },
title={Inclusive electron scattering from nuclei at $x>1$ and high $Q^2$},
school={California Institute of Technology},
type={{Ph.D.} thesis},
year=1998
}

@phdthesis{PuckettThesis,
author={Puckett, Andrew J. R.},
title={Recoil Polarization Measurements of the Proton Electromagnetic Form Factor Ratio to High Momentum Transfer},
school={Massachusetts Institute of Technology},
type={{Ph.D.} thesis},
year=2010
}

@phdthesis{GayouThesis,
author={Gayou, Olivier},
title={Measurement of the Proton Form Factors Ratio $\mu_P G_{E_P}/G_{M_P}$ up to $Q^2=5.6$ GeV$^2$ by Recoil Polarimetry},
school={The College of William and Mary},
type={{Ph.D.} thesis},
year=2002,
note={\url{https://misportal.jlab.org/ul/publications/view_pub.cfm?pub_id=4551}}
}

@unpublished{JonesPrivateComm1,
author={Jones, Mark},
note={Private communication}
}

@article{Shupe1979,
author={Shupe, M. A. and others},
title={Neutral-pion photoproduction and proton {C}ompton scattering at large angles},
journal={Phys. Rev. D},
volume=19,
pages=1921,
year=1979
}

@Article{Anderson1976,
     author    = "Anderson, Robert L. and others",
     title     = "{Measurements of Exclusive Photoproduction Processes at
                  Large Values of t and u from 4-GeV to 7.5-GeV}",
     journal   = "Phys. Rev. D",
     volume    = "14",
     year      = "1976",
     pages     = "679",
     doi       = "10.1103/PhysRevD.14.679",
     SLACcitation  = "%%CITATION = PHRVA,D14,679;%%"
}

@article{Danagoulian2007,
author={Danagoulian, A. and others},
title={Compton-scattering cross section on the proton at high momentum transfer},
journal={Phys. Rev. Lett.},
volume=98,
pages=152001,
year=2007
}

@article{BMTequation,
author={Bargmann, V. and Louis Michel and Telegdi, V. L.},
title={Precession of the polarization of particles moving in a homogeneous electromagnetic field},
journal={Phys. Rev. Lett.},
volume=2,
pages=435,
year=1959
}

@unpublished{Puckett:2010kn,
      author         = "Puckett, A. J. R.",
      title          = "{Final Results of the GEp-III Experiment and the Status of the Proton Form Factors}",
      collaboration  = "GEp-III Collaboration",
      year           = "2010",
      eprint         = "1008.0855",
      archivePrefix  = "arXiv",
      primaryClass   = "nucl-ex"
}

@unpublished{PuckettExclusive2010,
     author    = "Puckett, A. J. R.",
 collaboration = "GEp-III Collaboration",
     title     = "{Final Results of the GEp-III Experiment and the Status of
                  the Proton Form Factors}",
     year      = "2010",
     eprint    = "1008.0855",
     archivePrefix = "arXiv",
     primaryClass  =  "nucl-ex",
     note = "submitted to Proceedings of the Fourth Workshop on Exclusive Reactions at High Momentum Transfer",
     SLACcitation  = "%%CITATION = 1008.0855;%%"
}



@techreport{PentchevSpinHRS,
author={Pentchev, L.},
title={Spin transport in the {HRS}s},
institution={Jefferson Lab},
year=2003,
note={\url{http://hallaweb.jlab.org/publications/Technotes/files/2003/03-024.pdf}}
}

@techreport{QuadAlign,
author={Pentchev, L. and LeRose, J.},
title={Quadrupole alignment studies in the {HRS}},
institution={Jefferson Lab},
year=2001,
note={\url{http://hallaweb.jlab.org/publications/Technotes/files/2001/01-052.pdf}}
}

@unpublished{SIMC,
author={Arrington, John},
title={{A-B-SIMC}},
year=2001,
note={Internal {H}all {C} document.}
}

@phdthesis{hornthesis,
author={Horn, T.},
title={The pion charge form factor through electroproduction},
school={University of Maryland},
type={{Ph.D.} thesis},
year=2006
}

@article{EntRadCorr,
author={Ent, R. and others},
journal={Phys. Rev. C},
volume=64,
pages=054610,
year=2001
}

@article{MoTsai,
author={Mo, L. M. and Tsai, Y. S.},
journal={Rev. Mod. Phys.},
volume=41,
pages=205,
year=1969
}

@article{BostedFit,
author={Bosted, P. E.},
journal={Phys. Rev. C},
volume=51,
pages=409,
year=1995
}

@Article{KellyFit,
     author    = "Kelly, J. J.",
     title     = "{Simple parametrization of nucleon form factors}",
     journal   = "Phys. Rev. C",
     volume    = "70",
     year      = "2004",
     pages     = "068202",
     doi       = "10.1103/PhysRevC.70.068202",
     SLACcitation  = "%%CITATION = PHRVA,C70,068202;%%"
}

@article{KellyChargeDist,
author={Kelly, J. J.},
journal={Phys. Rev. C},
volume=66,
pages=065203,
year=2002
}

@article{MitraKumari,
author={Mitra, A. N. and Kumari, I.},
journal={Phys. Rev. D},
volume=15,
pages=261,
year=1977
}

@article{Hohler,
author={H\"{o}hler, G. and others},
journal={Nucl. Phys. B},
volume=114,
pages=505,
year=1976
}

@article{MergellMeissnerDrechsel,
author={Mergell, P. and Meissner, Ulf-G. and Drechsel, D.},
journal={Nucl. Phys. A},
volume=596,
pages=367,
year=1996
}

@article{Hammer1996,
author={Hammer, H.-W. and Meissner, U.-G. and Drechsel, D.},
journal={Phys. Lett. B},
volume=385,
pages=343,
year=1996
}

@Article{Collins:2011mk,
     author    = "Collins, S. and others",
     title     = "{Dirac and Pauli form factors from lattice QCD}",
     year      = "2011",
     eprint    = "1106.3580",
     archivePrefix = "arXiv",
     primaryClass  =  "hep-lat",
     SLACcitation  = "%%CITATION = 1106.3580;%%"
}

@Article{Lin:2010fv,
     author    = "Lin, Huey-Wen and Cohen, Saul D. and Edwards, Robert G. and
                  Orginos, Kostas and Richards, David G.",
     title     = "{Lattice Calculations of Nucleon Electromagnetic Form
                  Factors at Large Momentum Transfer}",
     year      = "2010",
     eprint    = "1005.0799",
     archivePrefix = "arXiv",
     primaryClass  =  "hep-lat",
     SLACcitation  = "%%CITATION = 1005.0799;%%"
}

@article{LHPC08,
  collaboration = {LHPC Collaboration},
  volume = {77},
  journal = {Phys. Rev. D},
  month = {May},
  numpages = {34},
  author = {H\"agler, Ph. and Schroers, W. and Bratt, J. and Negele, J. W. and Pochinsky, A. V. and Edwards, R. G. and Richards, D. G. and Engelhardt, M. and Fleming, G. T. and Musch, B. and Orginos, K. and Renner, D. B.},
  title = {Nucleon generalized parton distributions from full lattice QCD},
  year = {2008},
  url = {http://link.aps.org/doi/10.1103/PhysRevD.77.094502},
  doi = {10.1103/PhysRevD.77.094502},
  issue = {9},
  publisher = {American Physical Society},
  pages = {094502}
}

@article{ETMC11,
  volume = {83},
  journal = {Phys. Rev. D},
  month = {Jun},
  numpages = {19},
  author = {Alexandrou, C. and Carbonell, J. and Constantinou, M. and Harraud, P. A. and Guichon, P. and Jansen, K. and Kallidonis, C. and Korzec, T. and Papinutto, M.},
  title = {Moments of nucleon generalized parton distributions from lattice QCD},
  year = {2011},
  url = {http://link.aps.org/doi/10.1103/PhysRevD.83.114513},
  doi = {10.1103/PhysRevD.83.114513},
  issue = {11},
  publisher = {American Physical Society},
  pages = {114513}
}

@article{HammerMeissner2004,
author={Hammer, H.-W. and Meissner, U.-G.},
journal={Eur. Phys. J. A},
volume=20,
pages=469,
year=2004
}

@article{Belushkin2007,
author={Belushkin, M. A. and Hammer, H.-W. and Meissner, Ulf-G.},
journal={Phys. Rev. C},
volume=75,
pages=035202,
year=2007
}

@Article{Dubnicka:2003wz,
     author    = "Dubnicka, S. and Dubnickova, A. Z. and Weisenpacher, P.",
     title     = "{General expressions for VM dominated form factors of
                  hadrons fulfilling asymptotic conditions}",
     journal   = "Eur. Phys. J.",
     volume    = "C32",
     year      = "2003",
     pages     = "381-383",
     doi       = "10.1140/epjc/s2003-01445-4",
     SLACcitation  = "%%CITATION = EPHJA,C32,381;%%"
}

@Article{Adamuscin:2005aq,
     author    = "Adamuscin, C. and Dubnicka, S. and Dubnickova, A. Z. and
                  Weisenpacher, P.",
     title     = "{Unitary and analytic model of nucleon EM structure, the
                  puzzle with JLab proton polarization data and new insight
                  into proton charge distribution}",
     journal   = "Prog. Part. Nucl. Phys.",
     volume    = "55",
     year      = "2005",
     pages     = "228-241",
     eprint    = "hep-ph/0510316",
     archivePrefix = "arXiv",
     doi       = "10.1016/j.ppnp.2005.01.017",
     SLACcitation  = "%%CITATION = HEP-PH/0510316;%%"
}

@article{Iachello1973,
author={Iachello, F. and Jackson, A. D. and Land\'{e}},
journal={Phys. Lett. B},
volume=43, 
pages=191,
year=1973
}

@article{GK1985,
author={Gari, M. F. and Kr\"{u}mpelmann, W.},
journal={Z. Phys. A},
volume=322,
pages=689,
year=1985
}

@article{GK1992,
author={Gari, M. F. and Kr\"{u}mpelmann, W.},
journal={Phys. Lett. B},
volume=274,
pages=159,
year=1992
}

@article{GK1992E,
author={Gari, M. F. and Kr\"{u}mpelmann, W.},
journal={Phys. Lett. B},
volume=282,
pages=483,
year=1992,
note="Errata"
}

@article{Lomon2001,
author={Lomon, E. L.},
journal={Phys. Rev. C},
volume=64,
pages=035204,
year=2001
}

@article{Lomon2002,
author={Lomon, E. L.},
journal={Phys. Rev. C},
volume=66,
pages=045501,
year=2002
}

@unpublished{Lomon2006,
author={Lomon, E. L.},
year=2006,
eprint={nucl-th/0609020},
archivePrefix="arXiv"
}

@article{MezianePRL11,
  author="Meziane, M. and others",
  journal="Phys. Rev. Lett.",
  volume=106,
  pages=132501,
  year=2011
}


@unpublished{Meziane:2010xc,
     author    = "Meziane, M. and others",
     title     = "{Search for effects beyond the Born approximation in
                  polarization transfer observables in $\vec{e}p$ elastic
                  scattering}",
     year      = "2010",
     eprint    = "1012.0339",
     archivePrefix = "arXiv",
     primaryClass  =  "nucl-ex",
     note = {{to appear in Phys. Rev. Lett.}},
     SLACcitation  = "%%CITATION = 1012.0339;%%"
}

@article{Iachello2004,
author={Bijker, R. and Iachello, F.},
journal={Phys. Rev. C},
volume=69,
pages=068201,
year=2004
}

@article{BrodskyFarrar1975,
author={Brodsky, S. J. and Farrar, G. R.},
journal={Phys. Rev. D},
volume=11,
pages=1309,
year=1975
}

@article{BrodskyLepage1979,
author={Lepage, G. P. and Brodsky, S. J.},
journal={Phys. Rev. Lett.},
volume=43,
pages=545,
year=1979
}

@Article{Lepage:1980fj,
     author    = "Lepage, G. Peter and Brodsky, Stanley J.",
     title     = "{Exclusive Processes in Perturbative Quantum
                  Chromodynamics}",
     journal   = "Phys. Rev.",
     volume    = "D22",
     year      = "1980",
     pages     = "2157",
     doi       = "10.1103/PhysRevD.22.2157",
     SLACcitation  = "%%CITATION = PHRVA,D22,2157;%%"
}

@article{BelitskyJiYuan2003,
author={Belitsky, A. V. and Ji, X. and Yuan, F.},
journal={Phys. Rev. Lett.},
volume=91,
pages=092003,
year=2003
}

@article{RalstonJain,
  volume = {69},
  journal = {Phys. Rev. D},
  numpages = {13},
  month = {Mar},
  title = {QCD form factors and hadron helicity nonconservation},
  author = {Ralston, John P. and Jain, Pankaj},
  year = {2004},
  url = {http://link.aps.org/doi/10.1103/PhysRevD.69.053008},
  doi = {10.1103/PhysRevD.69.053008},
  issue = {5},
  publisher = {American Physical Society},
  pages = {053008}
}

@Article{Maldacena:1997re,
     author    = "Maldacena, Juan Martin",
     title     = "{The large N limit of superconformal field theories and
                  supergravity}",
     journal   = "Adv. Theor. Math. Phys.",
     volume    = "2",
     year      = "1998",
     pages     = "231-252",
     eprint    = "hep-th/9711200",
     archivePrefix = "arXiv",
     doi       = "10.1023/A:1026654312961",
     SLACcitation  = "%%CITATION = HEP-TH/9711200;%%"
}
@Article{Witten:1998qj,
     author    = "Witten, Edward",
     title     = "{Anti-de Sitter space and holography}",
     journal   = "Adv. Theor. Math. Phys.",
     volume    = "2",
     year      = "1998",
     pages     = "253-291",
     eprint    = "hep-th/9802150",
     archivePrefix = "arXiv",
     SLACcitation  = "%%CITATION = HEP-TH/9802150;%%"
}
@Article{Gubser:1998bc,
     author    = "Gubser, S. S. and Klebanov, Igor R. and Polyakov, Alexander
                  M.",
     title     = "{Gauge theory correlators from non-critical string
                  theory}",
     journal   = "Phys. Lett.",
     volume    = "B428",
     year      = "1998",
     pages     = "105-114",
     eprint    = "hep-th/9802109",
     archivePrefix = "arXiv",
     doi       = "10.1016/S0370-2693(98)00377-3",
     SLACcitation  = "%%CITATION = HEP-TH/9802109;%%"
}


@Article{Brodsky:2008pg,
     author    = "Brodsky, Stanley J. and de Teramond, Guy F.",
     title     = "{AdS/CFT and Light-Front QCD}",
     year      = "2008",
     eprint    = "0802.0514",
     archivePrefix = "arXiv",
     primaryClass  =  "hep-ph",
     SLACcitation  = "%%CITATION = 0802.0514;%%"
}

@Article{Abidin:2009hr,
     author    = "Abidin, Zainul and Carlson, Carl E.",
     title     = "{Nucleon electromagnetic and gravitational form factors
                  from holography}",
     journal   = "Phys. Rev.",
     volume    = "D79",
     year      = "2009",
     pages     = "115003",
     eprint    = "0903.4818",
     archivePrefix = "arXiv",
     primaryClass  =  "hep-ph",
     doi       = "10.1103/PhysRevD.79.115003",
     SLACcitation  = "%%CITATION = 0903.4818;%%"
}

@article{EichmannFaddeev,
  title = {Nucleon electromagnetic form factors from the covariant Faddeev equation},
  month = {Jul},
  journal = {Phys. Rev. D},
  doi = {10.1103/PhysRevD.84.014014},
  author = {Eichmann, G.},
  year = {2011},
  issue = {1},
  url = {http://link.aps.org/doi/10.1103/PhysRevD.84.014014},
  numpages = {23},
  publisher = {American Physical Society},
  pages = {014014},
  volume = {84}
}


@article{Arrington2011782,
title = "Review of two-photon exchange in electron scattering",
journal = "Prog. Part. and Nucl. Phys.",
volume = "66",
number = "4",
pages = "782 - 833",
year = "2011",
note = "",
doi = "10.1016/j.ppnp.2011.07.003",
url = "http://www.sciencedirect.com/science/article/pii/S0146641011000962",
author = "J. Arrington and P.G. Blunden and W. Melnitchouk",
keywords = "Two-photon exchange",
keywords = "Radiative corrections",
keywords = "Form factors"
}

@Article{GEN2010,
  title = {Measurements of the Electric Form Factor of the Neutron up to $Q^{2}=3.4\,\,GeV^{2}$ Using the Reaction $^{3}He[over \rightarrow{}](e[over \rightarrow{}],e^{'{}}n)pp$},
  author = {Riordan, S.  and others},
  journal = {Phys. Rev. Lett.},
  volume = {105},
  number = {26},
  pages = {262302},
  numpages = {5},
  year = {2010},
  month = {Dec},
  doi = {10.1103/PhysRevLett.105.262302},
  publisher = {American Physical Society}
}

@article{LCQCD2006,
author={Braun, V. M. and Lenz, A. and Wittmann, M.},
journal={Phys. Rev. D},
volume=73,
pages=094019,
year=2006
}

@article{LCQCD2008,
author={Passek-Kumericki, K. and Peters, G.},
journal={Phys. Rev. D},
volume=78,
pages=033009,
year=2008
}

@article{Kirk1973,
author={Kirk, P. N. and others},
journal={Phys. Rev. D},
volume=8,
pages=63,
year=1973
}

@article{JiGPDPRL1997,
author={Ji, X. D.},
journal={Phys. Rev. Lett.},
volume=78,
pages=610,
year=1997
}

@article{JiGPDPRD1997,
author={Ji, X. D.},
journal={Phys. Rev. D},
volume=55,
pages=7114,
year=1997
}

@article{RadyushkinGPD,
author={Radyushkin, A. V.},
journal={Phys. Lett. B},
volume=380,
pages=417,
year=1996
}

@article{HardExclusiveReview2001,
author={Goeke, K. and Polyakov, M. V. and Vanderhaeghen, M.},
journal={Progress in Particle and Nucl. Phys.},
volume=47,
pages=401,
year=2001
}

@article{JiFactorization,
author={Ji, X. D. and Osborne, J.},
journal={Phys. Rev. D},
volume=58,
pages=094018,
year=1998
}

@article{CollinsFactorization,
author={Collins, J. C. and Freund, A.},
journal={Phys. Rev. D},
volume=59,
pages=074009,
year=1999
}

@article{RadyushkinFactorization,
author={Radyushkin, A. V.},
journal={Phys. Rev. D},
volume=58,
pages=114008,
year=1998
}

@article{GuidalGPD2005,
author={Guidal, M. and Polyakov, M. V. and Radyushkin, A. V. and Vanderhaeghen, M.},
journal={Phys. Rev. D},
volume=72,
pages=054013,
year=2005
}

@article {GuidalGPDfitter,
   author = {Guidal, M.},
   affiliation = {Institut de Physique NuclÃ©aire dâOrsay 91405 Orsay France},
   title = {A fitter code for Deep Virtual Compton Scattering and Generalized Parton Distributions},
   journal = {The European Physical Journal A - Hadrons and Nuclei},
   publisher = {Springer Berlin / Heidelberg},
   keyword = {Physics and Astronomy},
   pages = {319-332},
   volume = {37},
   issue = {3},
   url = {http://dx.doi.org/10.1140/epja/i2008-10630-6},
   year = {2008}
}

@article{Kumericki:2009uq,
      author         = "Kumericki, Kresimir and Mueller, Dieter",
      title          = "{Deeply virtual Compton scattering at small x(B) and the
                        access to the GPD H}",
      journal        = "Nucl. Phys.",
      volume         = "B841",
      pages          = "1-58",
      doi            = "10.1016/j.nuclphysb.2010.07.015",
      year           = "2010"
}

@article{Goldstein:2010gu,
      author         = "Goldstein, Gary R. and Hernandez, J.OsvaldoGonzalez and
                        Liuti, Simonetta",
      title          = "{Flexible Parametrization of Generalized Parton
                        Distributions from Deeply Virtual Compton Scattering
                        Observables}",
      journal        = "Phys. Rev.",
      volume         = "D84",
      pages          = "034007",
      doi            = "10.1103/PhysRevD.84.034007",
      year           = "2011"
}

@article{Moutarde:2009fg,
      author         = "Moutarde, H.",
      title          = "{Extraction of the Compton Form Factor H from DVCS
                        measurements at Jefferson Lab}",
      journal        = "Phys.Rev.",
      volume         = "D79",
      pages          = "094021",
      doi            = "10.1103/PhysRevD.79.094021",
      year           = "2009"
}

@article{Kumericki:2011rz,
      author         = "Kumericki, Kresimir and Muller, Dieter and Schafer,
                        Andreas",
      title          = "{Neural network generated parametrizations of deeply
                        virtual Compton form factors}",
      journal        = "JHEP",
      volume         = "1107",
      pages          = "073",
      doi            = "10.1007/JHEP07(2011)073",
      year           = "2011"
}

@article{Gockeler:2003jfa,
  collaboration = {QCDSF Collaboration},
  volume = {92},
  journal = {Phys. Rev. Lett.},
  numpages = {4},
  month = {Jan},
  title = {Generalized Parton Distributions from Lattice QCD},
  author = {G\"ockeler, M. and Horsley, R. and Pleiter, D. and Rakow, P. E. L. and Sch\"afer, A. and Schierholz, G. and Schroers, W.},
  year = {2004},
  url = {http://link.aps.org/doi/10.1103/PhysRevLett.92.042002},
  doi = {10.1103/PhysRevLett.92.042002},
  issue = {4},
  publisher = {American Physical Society},
  pages = {042002}
}

@Article{AfanasevRadCorr,
     author    = "Afanasev, A. and Akushevich, I. and Merenkov, N.",
     title     = "{Model independent radiative corrections in processes of
                  polarized  electron nucleon elastic scattering}",
     journal   = "Phys. Rev. D",
     volume    = "64",
     year      = "2001",
     pages     = "113009",
     doi       = "10.1103/PhysRevD.64.113009",
     SLACcitation  = "%%CITATION = HEP-PH/0102086;%%"
}

@Article{Sanctis:2007zz,
     author    = "Sanctis, M. De and Giannini, M. M. and Santopinto, E. and
                  Vassallo, A.",
     title     = "{Electromagnetic form factors and the hypercentral
                  constituent quark model}",
     journal   = "Phys. Rev.",
     volume    = "C76",
     year      = "2007",
     pages     = "062201",
     doi       = "10.1103/PhysRevC.76.062201",
     SLACcitation  = "%%CITATION = PHRVA,C76,062201;%%"
}

@article{Santopinto2010,
  volume = {82},
  journal = {Phys. Rev. C},
  numpages = {3},
  month = {Dec},
  title = {High ${Q}^{2}$ behavior of the electromagnetic form factors in the relativistic hypercentral constituent quark model},
  author = {Santopinto, E. and Vassallo, A. and Giannini, M. M. and De Sanctis, M.},
  year = {2010},
  url = {http://link.aps.org/doi/10.1103/PhysRevC.82.065204},
  doi = {10.1103/PhysRevC.82.065204},
  issue = {6},
  publisher = {American Physical Society},
  pages = {065204}
}

@article{DeSanctis2011,
  volume = {84},
  journal = {Phys. Rev. C},
  numpages = {5},
  month = {Nov},
  title = {Electromagnetic form factors in the relativistic interacting quark-diquark model of baryons},
  author = {De Sanctis, M. and Ferretti, J. and Santopinto, E. and Vassallo, A.},
  year = {2011},
  url = {http://link.aps.org/doi/10.1103/PhysRevC.84.055201},
  doi = {10.1103/PhysRevC.84.055201},
  issue = {5},
  publisher = {American Physical Society},
  pages = {055201}
}

@article{MRST2002,
author={Martin, A. D. and Roberts, R. G. and Stirling, W. J. and Thorne, R. S.},
journal={Phys. Lett. B},
volume=531,
pages=216,
year=2002
}

@article{BurkardtPRD2000,
author={Burkardt, M.},
journal={Phys. Rev. D},
volume=62,
pages=071503,
year=2000
}

@article{BurkardtPRD2000E,
author={Burkardt, M.},
journal={Phys. Rev. D},
volume=66,
pages=119903,
note={Errata.},
year=2002
}

@article{BurkardtIJMPA,
author={Burkardt, M.},
journal={Int. J. Mod. Phys. A},
volume=18,
pages=173,
year=2003
}

@article{MillerGPDchargedensity2007,
author={Miller, G. A.},
journal={Phys. Rev. Lett.},
volume=99,
pages=112001,
year=2007
}

@article{MillerGPDmagnetdensity2008,
author={Miller, G. A. and Piasetzky, E. and Ron, G.},
journal={Phys. Rev. Lett.},
volume=101,
pages=082002,
year=2008
}

@article{MillerTransverseDensityReview2010,
author = {Miller, Gerald A.},
title = {Transverse Charge Densities},
journal = {Annual Review of Nuclear and Particle Science},
volume = {60},
number = {1},
pages = {1-25},
year = {2010},
doi = {10.1146/annurev.nucl.012809.104508}
}

@article{MillerProtonTransverseDensity2011,
  volume = {83},
  journal = {Phys. Rev. C},
  numpages = {9},
  month = {Jan},
  title = {Realistic transverse images of the proton charge and magnetization densities},
  author = {Venkat, Siddharth and Arrington, John and Miller, Gerald A. and Zhan, Xiaohui},
  year = {2011},
  url = {http://link.aps.org/doi/10.1103/PhysRevC.83.015203},
  doi = {10.1103/PhysRevC.83.015203},
  issue = {1},
  publisher = {American Physical Society},
  pages = {015203}
}

@article{Roberts1994477,
title = "Dyson-Schwinger equations and their application to hadronic physics",
journal = "Progress in Particle and Nuclear Physics",
volume = "33",
number = "0",
pages = "477 - 575",
year = "1994",
doi = "10.1016/0146-6410(94)90049-3",
author = "Craig D. Roberts and Anthony G. Williams",
keywords = "confinement of quarks and gluons",
keywords = "dynamical chiral symmetry breaking",
keywords = "Dyson-Schwinger equations",
keywords = "hadrons",
keywords = "quantum electrodynamics",
keywords = "quantum chromodynamics"
}

@article{DiehlGPDtomography2005,
author={Diehl, M. and others},
journal={Eur. Phys. J. C},
volume=39,
pages=1,
year=2005
}

@article{IsgurKarl,
author={Isgur, N. and Karl, G.},
journal={Phys. Rev. D},
volume=18,
pages=4187,
year=1978
}

@Article{Isgur:1988iw,
     author    = "Isgur, Nathan and Llewellyn Smith, C. H.",
     title     = "{The Applicability of Perturbative QCD to Exclusive
                  Processes}",
     journal   = "Nucl. Phys.",
     volume    = "B317",
     year      = "1989",
     pages     = "526-572",
     doi       = "10.1016/0550-3213(89)90532-4",
     SLACcitation  = "%%CITATION = NUPHA,B317,526;%%"
}
@Article{Isgur:1989cy,
     author    = "Isgur, Nathan and Llewellyn Smith, C. H.",
     title     = "{Perturbative QCD in exclusive processes}",
     journal   = "Phys. Lett.",
     volume    = "B217",
     year      = "1989",
     pages     = "535-538",
     doi       = "10.1016/0370-2693(89)90092-0",
     SLACcitation  = "%%CITATION = PHLTA,B217,535;%%"
}

@article{DiracRelativisticDynamics,
author={Dirac, P. A. M.},
journal={Rev. Mod. Phys.},
volume=21,
pages=392,
year=1949
}

@article{SchlumpfCQM,
author={Schlumpf, F.},
journal={Phys. Rev. D.},
volume=47,
pages=4114,
year=1993
}

@article{SchlumpfFF,
author={Schlumpf, F.},
journal={J. Phys. G},
volume=20,
pages=237,
year=1994
}

@article{ChungCoesterCQM,
author={Chung, P. L. and Coester, F.},
journal={Phys. Rev. D},
volume=44,
pages=229,
year=1991
}

@article{FrankJenningsMiller,
author={Frank, M. R. and Jennings, B. K. and Miller, G. A.},
journal={Phys. Rev. C},
volume=54,
pages=920,
year=1996
}

@article{MillerFrank,
author={Miller, G. A. and Frank, M. R.},
journal={Phys. Rev. C},
volume=65,
pages=065205,
year=2002
}

@article{MillerLFCBM,
author={Miller, G. A.},
journal={Phys. Rev. C},
volume=66,
pages=032201,
year=2002
}

@article{MeloshRotation,
author={Melosh, H. J.},
journal={Phys. Rev. D},
volume=9,
pages=1095,
year=1974
}

@article{GuichonVanderhaeghenTPEX,
author={Guichon, P. A. M. and Vanderhaeghen, M.},
journal={Phys. Rev. Lett.},
volume=91,
pages=142303,
year=2003
}

@article{BlundenMelnitTjon,
author={Blunden, P. G. and Melnitchouk, W. and Tjon, J. A.},
journal={Phys. Rev. C},
volume=72,
pages=034612,
year=2005
}

%\cite{Akhiezer:1968ek}
%\bibitem{Akhiezer:1968ek}
%   A.~I.~Akhiezer and M.~P.~Rekalo,
%``Polarization phenomena in electron scattering by protons in the high energy
%region,''
%   Sov.\ Phys.\ Dokl.\  {\bf 13} (1968) 572
%   [Dokl.\ Akad.\ Nauk Ser.\ Fiz.\  {\bf 180} (1968) 1081];
%\bibitem{Re74}
%\cite{Akhiezer:1974em}
%\bibitem{Akhiezer:1974em}
%   A.~I.~Akhiezer and M.~P.~Rekalo,
%``Polarization effects in the scattering of leptons by hadrons,''
%   Sov.\ J.\ Part.\ Nucl.\  {\bf 4} (1974)  277
%   [Fiz.\ Elem.\ Chast.\ Atom.\ Yadra {\bf 4} (1973) 662].
%   %%CITATION = FECAA,4,662;%%
%   %%CITATION = DANKA,180,1081;%%

@Article{TPEXreview,
     author    = "Carlson, Carl E. and Vanderhaeghen, Marc",
     title     = "{Two-photon physics in hadronic processes}",
     journal   = "Ann. Rev. Nucl. Part. Sci.",
     volume    = "57",
     year      = "2007",
     pages     = "171-204",
     doi       = "10.1146/annurev.nucl.57.090506.123116",
     SLACcitation  = "%%CITATION = HEP-PH/0701272;%%"
}

@article{Zoller1992,
author={Zoller, V. R.},
journal={Z. Phys. C},
volume=53,
pages=443,
year=1992
}

@article{Holtmann1996,
author={Holtmann, H. and Szczurek, A. and Speth, J.},
journal={Nucl. Phys. A},
volume=596,
pages=631,
year=1996
}

@article{deMelo09,
author={de Melo, J. P. B. C. and Frederico, T. and Pace, E. and Pisano, S. and Salm\`{e}, G.},
journal={Phys. Lett. B},
volume=671,
pages=153,
year=2009
}

@article{Gross06,
author={Gross, F. and Agbakpe, P.},
journal={Phys. Rev. C},
volume=73,
pages=015203,
year=2006
}

@article{GPDTPEX,
  title = {Two-photon exchange contribution to elastic electron-nucleonscattering at large momentum transfer},
  month = {Jul},
  journal = {Phys. Rev. D},
  doi = {10.1103/PhysRevD.72.013008},
  author = {Afanasev, Andrei V. and Brodsky, Stanley J. and Carlson, Carl E. and Chen, Yu-Chun and Vanderhaeghen, Marc},
  year = {2005},
  issue = {1},
  url = {http://link.aps.org/doi/10.1103/PhysRevD.72.013008},
  numpages = {18},
  publisher = {American Physical Society},
  pages = {013008},
  volume = {72}
}


@article{Gross08,
author={Gross, F. and Ramalho, G. and Pe\~{n}a, M. T.},
journal={Phys. Rev. C},
volume=77,
pages=015202,
year=2008
}

@article{Cloet09,
author={Clo\"et, I. C. and Eichmann, G. and El-Bennich, B. and Kl\"{a}hn, T. and Roberts, C. D.},
journal={Few-Body Systems},
volume=46,
pages=1,
year=2009
}

@Article{Boffi:2001zb,
     author    = "Boffi, S. and others",
     title     = "{Covariant electroweak nucleon form factors in a chiral
                  constituent  quark model}",
     journal   = "Eur. Phys. J.",
     volume    = "A14",
     year      = "2002",
     pages     = "17-21",
     eprint    = "hep-ph/0108271",
     archivePrefix = "arXiv",
     doi       = "10.1007/s10050-002-8784-3",
     SLACcitation  = "%%CITATION = HEP-PH/0108271;%%"
}

@Article{Cardarelli:2000tk,
     author    = "Cardarelli, Fabio and Simula, Silvano",
     title     = "{SU(6) breaking effects in the nucleon elastic
                  electromagnetic form  factors}",
     journal   = "Phys. Rev.",
     volume    = "C62",
     year      = "2000",
     pages     = "065201",
     eprint    = "nucl-th/0006023",
     archivePrefix = "arXiv",
     doi       = "10.1103/PhysRevC.62.065201",
     SLACcitation  = "%%CITATION = NUCL-TH/0006023;%%"
}

@article{Fpi1998,
  journal = {Phys. Rev. C},
  month = {Dec},
  url = {http://link.aps.org/doi/10.1103/PhysRevC.58.3659},
  publisher = {American Physical Society},
  author = {Maris, Pieter and Roberts, Craig D.},
  title = {Pseudovector components of the pion, ${$\pi${}}^{0}$\rightarrow${}$\gamma${}$\gamma${},$ and ${F}_{$\pi${}}{(q}^{2})$ },
  year = {1998},
  pages = {3659--3665},
  volume = {58},
  doi = {10.1103/PhysRevC.58.3659},
  issue = {6}
}

@article{Fpi2000a,
  journal = {Phys. Rev. C},
  month = {Mar},
  url = {http://link.aps.org/doi/10.1103/PhysRevC.61.045202},
  publisher = {American Physical Society},
  author = {Maris, Pieter and Tandy, Peter C.},
  title = {Quark-photon vertex and the pion charge radius},
  year = {2000},
  pages = {045202},
  numpages = {11},
  volume = {61},
  doi = {10.1103/PhysRevC.61.045202},
  issue = {4}
}

@article{Fpi2000b,
  journal = {Phys. Rev. C},
  month = {Oct},
  url = {http://link.aps.org/doi/10.1103/PhysRevC.62.055204},
  publisher = {American Physical Society},
  author = {Maris, Pieter and Tandy, Peter C.},
  title = {$\pi${}, ${K}^{+},$ and ${K}^{0}$ electromagnetic form factors},
  year = {2000},
  pages = {055204},
  numpages = {8},
  volume = {62},
  doi = {10.1103/PhysRevC.62.055204},
  issue = {5}
}


%%%%% START EXAMPLE ENTRIES HERE %%%%%%%%%%%

@ARTICLE{article-minimal,
   author = {L[eslie] A. Aamport},
   title = {The Gnats and Gnus Document Preparation System},
   journal = {\mbox{G-Animal's} Journal},
   year = 1986,
}

@ARTICLE{article-full,
   author = {L[eslie] A. Aamport},
   title = {The Gnats and Gnus Document Preparation System},
   journal = {\mbox{G-Animal's} Journal},
   year = 1986,
   volume = 41,
   number = 7,
   pages = "73+",
   month = jul,
   note = "This is a full ARTICLE entry",
}

The KEY field is here to override the KEY field in the journal being
cross referenced (so is the NOTE field, in addition to its imparting
information).

@ARTICLE{article-crossref,
   crossref = {WHOLE-JOURNAL},
   key = "",
   author = {L[eslie] A. Aamport},
   title = {The Gnats and Gnus Document Preparation System},
   pages = "73+",
   note = "This is a cross-referencing ARTICLE entry",
}

@ARTICLE{whole-journal,
   key = "GAJ",
   journal = {\mbox{G-Animal's} Journal},
   year = 1986,
   volume = 41,
   number = 7,
   month = jul,
   note = {The entire issue is devoted to gnats and gnus
		(this entry is a cross-referenced ARTICLE (journal))},
}

@INBOOK{inbook-minimal,
   author = "Donald E. Knuth",
   title = "Fundamental Algorithms",
   publisher = "Addison-Wesley",
   year = "{\noopsort{1973b}}1973",
   chapter = "1.2",
}

@INBOOK{inbook-full,
   author = "Donald E. Knuth",
   title = "Fundamental Algorithms",
   volume = 1,
   series = "The Art of Computer Programming",
   publisher = "Addison-Wesley",
   address = "Reading, Massachusetts",
   edition = "Second",
   month = "10~" # jan,
   year = "{\noopsort{1973b}}1973",
   type = "Section",
   chapter = "1.2",
   pages = "10--119",
   note = "This is a full INBOOK entry",
}

@INBOOK{inbook-crossref,
   crossref = "whole-set",
   title = "Fundamental Algorithms",
   volume = 1,
   series = "The Art of Computer Programming",
   edition = "Second",
   year = "{\noopsort{1973b}}1973",
   type = "Section",
   chapter = "1.2",
   note = "This is a cross-referencing INBOOK entry",
}

@BOOK{book-minimal,
   author = "Donald E. Knuth",
   title = "Seminumerical Algorithms",
   publisher = "Addison-Wesley",
   year = "{\noopsort{1973c}}1981",
}

@BOOK{book-full,
   author = "Donald E. Knuth",
   title = "Seminumerical Algorithms",
   volume = 2,
   series = "The Art of Computer Programming",
   publisher = "Addison-Wesley",
   address = "Reading, Massachusetts",
   edition = "Second",
   month = "10~" # jan,
   year = "{\noopsort{1973c}}1981",
   note = "This is a full BOOK entry",
}

@BOOK{book-crossref,
   crossref = "whole-set",
   title = "Seminumerical Algorithms",
   volume = 2,
   series = "The Art of Computer Programming",
   edition = "Second",
   year = "{\noopsort{1973c}}1981",
   note = "This is a cross-referencing BOOK entry",
}

@BOOK{whole-set,
   author = "Donald E. Knuth",
   publisher = "Addison-Wesley",
   title = "The Art of Computer Programming",
   series = "Four volumes",
   year = "{\noopsort{1973a}}{\switchargs{--90}{1968}}",
   note = "Seven volumes planned (this is a cross-referenced set of BOOKs)",
}

@BOOKLET{booklet-minimal,
   key = "Kn{\printfirst{v}{1987}}",
   title = "The Programming of Computer Art",
}

@BOOKLET{booklet-full,
   author = "Jill C. Knvth",
   title = "The Programming of Computer Art",
   howpublished = "Vernier Art Center",
   address = "Stanford, California",
   month = feb,
   year = 1988,
   note = "This is a full BOOKLET entry",
}

@INCOLLECTION{incollection-minimal,
   author = "Daniel D. Lincoll",
   title = "Semigroups of Recurrences",
   booktitle = "High Speed Computer and Algorithm Organization",
   publisher = "Academic Press",
   year = 1977,
}

@INCOLLECTION{incollection-full,
   author = "Daniel D. Lincoll",
   title = "Semigroups of Recurrences",
   editor = "David J. Lipcoll and D. H. Lawrie and A. H. Sameh",
   booktitle = "High Speed Computer and Algorithm Organization",
   number = 23,
   series = "Fast Computers",
   chapter = 3,
   type = "Part",
   pages = "179--183",
   publisher = "Academic Press",
   address = "New York",
   edition = "Third",
   month = sep,
   year = 1977,
   note = "This is a full INCOLLECTION entry",
}

@INCOLLECTION{incollection-crossref,
   crossref = "whole-collection",
   author = "Daniel D. Lincoll",
   title = "Semigroups of Recurrences",
   pages = "179--183",
   note = "This is a cross-referencing INCOLLECTION entry",
}

@BOOK{whole-collection,
   editor = "David J. Lipcoll and D. H. Lawrie and A. H. Sameh",
   title = "High Speed Computer and Algorithm Organization",
   booktitle = "High Speed Computer and Algorithm Organization",
   number = 23,
   series = "Fast Computers",
   publisher = "Academic Press",
   address = "New York",
   edition = "Third",
   month = sep,
   year = 1977,
   note = "This is a cross-referenced BOOK (collection) entry",
}

@MANUAL{manual-minimal,
   key = "Manmaker",
   title = "The Definitive Computer Manual",
}

@MANUAL{manual-full,
   author = "Larry Manmaker",
   title = "The Definitive Computer Manual",
   organization = "Chips-R-Us",
   address = "Silicon Valley",
   edition = "Silver",
   month = apr # "-" # may,
   year = 1986,
   note = "This is a full MANUAL entry",
}

@MASTERSTHESIS{mastersthesis-minimal,
   author = "{\'{E}}douard Masterly",
   title = "Mastering Thesis Writing",
   school = "Stanford University",
   year = 1988,
}

@MASTERSTHESIS{mastersthesis-full,
   author = "{\'{E}}douard Masterly",
   title = "Mastering Thesis Writing",
   school = "Stanford University",
   type = "Master's project",
   address = "English Department",
   month = jun # "-" # aug,
   year = 1988,
   note = "This is a full MASTERSTHESIS entry",
}

@MISC{misc-minimal,
   key = "Missilany",
   note = "This is a minimal MISC entry",
}

@MISC{misc-full,
   author = "Joe-Bob Missilany",
   title = "Handing out random pamphlets in airports",
   howpublished = "Handed out at O'Hare",
   month = oct,
   year = 1984,
   note = "This is a full MISC entry",
}

@STRING{STOC-key = "OX{\singleletter{stoc}}"}

@STRING{ACM = "The OX Association for Computing Machinery"}

@STRING{STOC = " Symposium on the Theory of Computing"}

@INPROCEEDINGS{inproceedings-minimal,
   author = "Alfred V. Oaho and Jeffrey D. Ullman and Mihalis Yannakakis",
   title = "On Notions of Information Transfer in {VLSI} Circuits",
   booktitle = "Proc. Fifteenth Annual ACM" # STOC,
   year = 1983,
}

@INPROCEEDINGS{inproceedings-full,
   author = "Alfred V. Oaho and Jeffrey D. Ullman and Mihalis Yannakakis",
   title = "On Notions of Information Transfer in {VLSI} Circuits",
   editor = "Wizard V. Oz and Mihalis Yannakakis",
   booktitle = "Proc. Fifteenth Annual ACM" # STOC,
   number = 17,
   series = "All ACM Conferences",
   pages = "133--139",
   month = mar,
   year = 1983,
   address = "Boston",
   organization = ACM,
   publisher = "Academic Press",
   note = "This is a full INPROCEDINGS entry",
}

@INPROCEEDINGS{inproceedings-crossref,
   crossref = "whole-proceedings",
   author = "Alfred V. Oaho and Jeffrey D. Ullman and Mihalis Yannakakis",
   title = "On Notions of Information Transfer in {VLSI} Circuits",
   organization = "",
   pages = "133--139",
   note = "This is a cross-referencing INPROCEEDINGS entry",
}

@PROCEEDINGS{proceedings-minimal,
   key = STOC-key,
   title = "Proc. Fifteenth Annual" # STOC,
   year = 1983,
}

@PROCEEDINGS{proceedings-full,
   editor = "Wizard V. Oz and Mihalis Yannakakis",
   title = "Proc. Fifteenth Annual" # STOC,
   number = 17,
   series = "All ACM Conferences",
   month = mar,
   year = 1983,
   address = "Boston",
   organization = ACM,
   publisher = "Academic Press",
   note = "This is a full PROCEEDINGS entry",
}

@PROCEEDINGS{whole-proceedings,
   key = STOC-key,
   organization = ACM,
   title = "Proc. Fifteenth Annual" # STOC,
   address = "Boston",
   year = 1983,
   booktitle = "Proc. Fifteenth Annual ACM" # STOC,
   note = "This is a cross-referenced PROCEEDINGS",
}

@PHDTHESIS{phdthesis-minimal,
   author = "F. Phidias Phony-Baloney",
   title = "Fighting Fire with Fire: Festooning {F}rench Phrases",
   school = "Fanstord University",
   year = 1988,
}

@PHDTHESIS{phdthesis-full,
   author = "F. Phidias Phony-Baloney",
   title = "Fighting Fire with Fire: Festooning {F}rench Phrases",
   school = "Fanstord University",
   type = "{PhD} Dissertation",
   address = "Department of French",
   month = jun # "-" # aug,
   year = 1988,
   note = "This is a full PHDTHESIS entry",
}

@TECHREPORT{techreport-minimal,
   author = "Tom Terrific",
   title = "An {$O(n \log n / \! \log\log n)$} Sorting Algorithm",
   institution = "Fanstord University",
   year = 1988,
}

@TECHREPORT{techreport-full,
   author = "Tom T{\'{e}}rrific",
   title = "An {$O(n \log n / \! \log\log n)$} Sorting Algorithm",
   institution = "Fanstord University",
   type = "Wishful Research Result",
   number = "7",
   address = "Computer Science Department, Fanstord, California",
   month = oct,
   year = 1988,
   note = "This is a full TECHREPORT entry",
}

@UNPUBLISHED{unpublished-minimal,
   author = "Ulrich {\"{U}}nderwood and Ned {\~N}et and Paul {\={P}}ot",
   title = "Lower Bounds for Wishful Research Results",
   note = "Talk at Fanstord University (this is a minimal UNPUBLISHED entry)",
}

@UNPUBLISHED{unpublished-full,
   author = "Ulrich {\"{U}}nderwood and Ned {\~N}et and Paul {\={P}}ot",
   title = "Lower Bounds for Wishful Research Results",
   month = nov # ", " # dec,
   year = 1988,
   note = "Talk at Fanstord University (this is a full UNPUBLISHED entry)",
}

@MISC{random-note-crossref,
   key = {Volume-2},
   note = "Volume~2 is listed under Knuth \cite{book-full}"
}







